; Saldos Iniciais - Data: 31/12/2024
; Contabilidade de Partidas Dobradas

2024-12-31 * "Saldo inicial - Renda Variável Inter"
  Assets:NaoCirculante:Investimentos:Acoes  53750.79 BRL
  Equity:SaldoInicial                        -53750.79 BRL

2024-12-31 * "Saldo inicial - Caixa"
  Assets:Circulante:Disponibilidades:Caixa  -19.01 BRL
  Equity:SaldoInicial                        19.01 BRL

2024-12-31 * "Saldo inicial - BB Corrente"
  Assets:Circulante:Disponibilidades:BB    40820.78 BRL
  Equity:SaldoInicial                       -40820.78 BRL

2024-12-31 * "Saldo inicial - Banco Inter"
  Assets:Circulante:Disponibilidades:Inter  1369.09 BRL
  Equity:SaldoInicial                       -1369.09 BRL

2024-12-31 * "Saldo inicial - C6 Bank"
  Assets:Circulante:Disponibilidades:C6       0.01 BRL
  Equity:SaldoInicial                        -0.01 BRL

2024-12-31 * "Saldo inicial - CDB Inter"
  Assets:Circulante:Investimentos:CDB:Inter  -56.84 BRL
  Equity:SaldoInicial                        56.84 BRL

2024-12-31 * "Saldo inicial - Cartão de crédito Inter"
  Liabilities:Circulante:Cartoes:Inter       -2948.41 BRL
  Equity:SaldoInicial                       2948.41 BRL

2024-12-31 * "Saldo inicial - Saraiva"
  Liabilities:Circulante:Cartoes:Saraiva  -675.28 BRL
  Equity:SaldoInicial                       675.28 BRL

2024-12-31 * "Saldo inicial - Smiles"
  Liabilities:Circulante:Cartoes:SmilesBbPlatinum  -24102.48 BRL
  Equity:SaldoInicial                         24102.48 BRL
