; History Beancount - Auto-generated by organizze_v1.py
; DO NOT EDIT MANUALLY

2026-02-01 ! "Gasolina mensal"
  Expenses:Gasolina                            200.00 BRL
  Liabilities:Cartao:MastercardC6Bank         -200.00 BRL
  origem_id: "342ce8573e693070"

2026-02-01 ! "Mercado mensal previsao"
  Expenses:Mercado                            1200.00 BRL
  Liabilities:Cartao:MastercardC6Bank        -1200.00 BRL
  origem_id: "72de9de26ff27200"

2026-02-01 * "Pix enviado: 'Cp :60701190-Jose Eduardo Alves de Carvalho..."
  Expenses:Transferencias                       15.13 BRL
  Assets:BR:BancoInter                         -15.13 BRL
  origem_id: "9b0ae356f6da647f"

2026-02-01 * "pagto cartão"
  Expenses:Transferencias                     9815.00 BRL
  Assets:BR:BbCorrente                       -9815.00 BRL
  origem_id: "0c11b33d27a7b8ac"

2026-02-01 * "pagto cartão"
  Assets:BR:C6Bank                            9815.00 BRL
  Income:Transferencias                      -9815.00 BRL
  origem_id: "ea73a3a2dad41781"

2026-02-02 ! "ARMAZEM CAMBOINHAS     NITEROI       BRA,"
  Expenses:Mercado                             197.13 BRL
  Liabilities:Cartao:MastercardC6Bank         -197.13 BRL
  origem_id: "f9f9435dfc1100e5"

2026-02-02 * "Ajuda mensal Nininha"
  Expenses:FamiliaDadi                         100.00 BRL
  Assets:BR:BancoInter                        -100.00 BRL
  origem_id: "6ab6a6bb6ab0764c"

2026-02-02 * "Ajuda plano saúde Luluca"
  Expenses:FamiliaDadi                         160.00 BRL
  Assets:BR:BancoInter                        -160.00 BRL
  origem_id: "e8cd92f29d4ca35b"

2026-02-02 * "Ajude custo Angélica"
  Expenses:Manutencoes                         400.00 BRL
  Assets:BR:BancoInter                        -400.00 BRL
  origem_id: "d8d789fd9b985756"

2026-02-02 * "Baba empréstimo 17/36"
  Assets:BR:BbCorrente                         484.00 BRL
  Income:Emprestimos                          -484.00 BRL
  origem_id: "4604a57717223856"

2026-02-02 ! "Bares mensal previsão"
  Expenses:BaresERestaurantes                   60.00 BRL
  Liabilities:Cartao:MastercardC6Bank          -60.00 BRL
  origem_id: "d5eb10df28830cf0"

2026-02-02 * "Cesta básica Cristiane do jacaré"
  Expenses:Ofertas                             100.00 BRL
  Assets:BR:BancoInter                        -100.00 BRL
  origem_id: "d32c14d5fdff56dc"

2026-02-02 * "Cobrança de I.O.F. - IOF Saldo Devedor Conta"
  Expenses:ImpostosETaxas                        0.29 BRL
  Assets:BR:BbCorrente                          -0.29 BRL
  origem_id: "39f7b881079957ac"

2026-02-02 ! "DL*TikTok Shop L       Sao Paulo     BRA,"
  Expenses:CarolCuidadosPessoais                40.12 BRL
  Liabilities:Cartao:CartaoDeCreditoInter      -40.12 BRL
  origem_id: "7e9d39a37a46718d"

2026-02-02 ! "DM      HELPHBOMAXCOM  New York      BRA"
  Expenses:CinemaEAluguelDeVideosEMusica        22.45 BRL
  Liabilities:Cartao:MastercardC6Bank          -22.45 BRL
  origem_id: "f7ab2177813b134b"

2026-02-02 * "Encargos"
  Expenses:ImpostosETaxas                        1.50 BRL
  Assets:BR:BbCorrente                          -1.50 BRL
  origem_id: "0b441351beb9aef4"

2026-02-02 ! "IFD*SEM MYSERRE GASTRO NITEROI       BRA,"
  Expenses:BaresERestaurantes                  169.79 BRL
  Liabilities:Cartao:MastercardC6Bank         -169.79 BRL
  origem_id: "3dd660778eccabbd"

2026-02-02 * "Leste Telecom"
  Expenses:InternetTvCelulares                  75.00 BRL
  Assets:BR:BancoInter                         -75.00 BRL
  origem_id: "522ceb1f1217d923"

2026-02-02 ! "MERCADOLIVRE*MERCADOL  Franca        BRA,"
  Expenses:Mobilia                             259.00 BRL
  Liabilities:Cartao:MastercardC6Bank         -259.00 BRL
  origem_id: "d110d6d1304d2a8b"

2026-02-02 * "Mesada Carol"
  Expenses:CarolCuidadosPessoais               100.00 BRL
  Assets:BR:BancoInter                        -100.00 BRL
  origem_id: "1a170b2f7d9b290c"

2026-02-02 * "Mesada Isabela"
  Expenses:AjudaBrunaIsabela                   150.00 BRL
  Assets:BR:BancoInter                        -150.00 BRL
  origem_id: "f676a4e6042998be"

2026-02-02 ! "POPULAR ITAIPU"
  Expenses:Medicamentos                        222.28 BRL
  Liabilities:Cartao:MastercardC6Bank         -222.28 BRL
  origem_id: "60883ee437a14163"

2026-02-02 * "Pagamento de fatura"
  Expenses:PagamentoDeFatura                  1571.17 BRL
  Assets:BR:BancoInter                       -1571.17 BRL
  origem_id: "3531ad6dbac8a23e"

2026-02-02 * "Pagamento de fatura"
  Expenses:PagamentoDeFatura                    92.65 BRL
  Assets:BR:BbCorrente                         -92.65 BRL
  origem_id: "e6569d716c625e33"

2026-02-02 * "Pagamento de fatura"
  Expenses:PagamentoDeFatura                 16820.42 BRL
  Assets:BR:C6Bank                          -16820.42 BRL
  origem_id: "cd587739b034d1cf"

2026-02-02 * "Pix - Enviado - 01/02 22:10 JOSE EDUARDO ALVES DE CAR"
  Expenses:Transferencias                      330.00 BRL
  Assets:BR:BbCorrente                        -330.00 BRL
  origem_id: "00747b119d778acc"

2026-02-02 ! "Poltrona papai 9/10"
  Expenses:FamiliaDadi                         129.98 BRL
  Liabilities:Cartao:SmilesBbPlatinum         -129.98 BRL
  origem_id: "d0a2abed18e3dc9e"

2026-02-02 ! "SUPERMERCADO REAL NITE NITEROI       BRA,"
  Expenses:Mercado                             605.93 BRL
  Liabilities:Cartao:MastercardC6Bank         -605.93 BRL
  origem_id: "3fd03e37d7f15545"

2026-02-02 * "Sandro - jardim"
  Expenses:Manutencoes                         200.00 BRL
  Assets:BR:BancoInter                        -200.00 BRL
  origem_id: "4be528f3b2a77467"

2026-02-02 * "Seguro carro 2/10"
  Expenses:Seguro                              108.61 BRL
  Assets:BR:BbCorrente                        -108.61 BRL
  origem_id: "89e65fdcdadb9729"

2026-02-02 * "Terapia Carol"
  Expenses:ProfissionaisSaude                  700.00 BRL
  Assets:BR:BancoInter                        -700.00 BRL
  origem_id: "61a0b8083cb66e92"

2026-02-02 * "Transferência"
  Assets:BR:BancoInter                        4540.00 BRL
  Income:Transferencias                      -4540.00 BRL
  origem_id: "0e3a4e1c04f9ad2e"

2026-02-02 * "Transferência"
  Expenses:Transferencias                     4540.00 BRL
  Assets:BR:BbCorrente                       -4540.00 BRL
  origem_id: "f3ce3eb2ecfa6f39"

2026-02-02 ! "Uber UBER * PENDING"
  Expenses:CarolCuidadosPessoais                21.41 BRL
  Liabilities:Cartao:CartaoDeCreditoInter      -21.41 BRL
  origem_id: "7a534082ef060e53"

2026-02-02 * "Unimed Isabela"
  Expenses:AjudaBrunaIsabela                   250.00 BRL
  Assets:BR:BancoInter                        -250.00 BRL
  origem_id: "ca06d5b4dec20579"

2026-02-02 ! "Wellhub Gympass BR GympSao Paulo"
  Expenses:AnaCuidadosPessoais                  59.90 BRL
  Liabilities:Cartao:MastercardC6Bank          -59.90 BRL
  origem_id: "495261098c7ab7c7"

2026-02-03 * "IOF cheque especial"
  Expenses:ImpostosETaxas                       40.52 BRL
  Assets:BR:C6Bank                             -40.52 BRL
  origem_id: "41109eaf3c024a68"

2026-02-03 ! "LATAM AIR              SAO PAULO     BRA, 3/4"
  Expenses:Portugal202606                     3222.48 BRL
  Liabilities:Cartao:MastercardC6Bank        -3222.48 BRL
  origem_id: "b8cd7d3d80f2d193"

2026-02-03 * "Luz"
  Expenses:Luz                                 876.90 BRL
  Assets:BR:BbCorrente                        -876.90 BRL
  origem_id: "aff3dd5169cffb83"

2026-02-03 ! "MERCADOLIVRE*TUDODEFE  ITU           BRA,"
  Expenses:Mobilia                              31.00 BRL
  Liabilities:Cartao:MastercardC6Bank          -31.00 BRL
  origem_id: "b1c96f8538cb17e2"

2026-02-03 * "Pagamento de fatura"
  Expenses:PagamentoDeFatura                  1638.13 BRL
  Assets:BR:BbCorrente                       -1638.13 BRL
  origem_id: "156e6b064462e1ce"

2026-02-03 * "Pix enviado: 'Cp :14796606-RD SAUDE' Rd Saude"
  Expenses:Medicamentos                         51.47 BRL
  Assets:BR:BancoInter                         -51.47 BRL
  origem_id: "ccb6f24e7047271d"

2026-02-03 * "Pix recebido: '00019 73908622 CAROLINA CARVALHO' Carolina..."
  Assets:BR:BancoInter                          16.00 BRL
  Income:OutrasReceitas                        -16.00 BRL
  origem_id: "d524a40425b2a363"

2026-02-03 * "Pix recebido: '00019 73908622 CAROLINA CARVALHO' Carolina..."
  Assets:BR:BancoInter                           8.00 BRL
  Income:OutrasReceitas                         -8.00 BRL
  origem_id: "9d62e82d23b347af"

2026-02-03 ! "SUPERMERCADO PADRAO D  NITEROI       BRA,"
  Expenses:Mercado                             241.81 BRL
  Liabilities:Cartao:MastercardC6Bank         -241.81 BRL
  origem_id: "558acd922bf03b0e"

2026-02-03 ! "Smartwatche 5/12"
  Expenses:EduardoCuidadosPessoais              60.75 BRL
  Liabilities:Cartao:MastercardC6Bank          -60.75 BRL
  origem_id: "98b56c9dd38ce4b2"

2026-02-03 * "Transferência"
  Assets:BR:C6Bank                               1.20 BRL
  Income:Transferencias                         -1.20 BRL
  origem_id: "d9ddcd2964272163"

2026-02-03 ! "Uber UBER * PENDING"
  Expenses:Diversos                              8.78 BRL
  Liabilities:Cartao:CartaoDeCreditoInter       -8.78 BRL
  origem_id: "d23ace486f1f3ae3"

2026-02-03 ! "Uber UBER * PENDING"
  Expenses:CarolCuidadosPessoais                24.40 BRL
  Liabilities:Cartao:CartaoDeCreditoInter      -24.40 BRL
  origem_id: "fa9093a846711b2b"

2026-02-03 ! "Uber UBER * PENDING"
  Expenses:Manutencoes                          32.29 BRL
  Liabilities:Cartao:CartaoDeCreditoInter      -32.29 BRL
  origem_id: "1512814f9d6d25c5"

2026-02-04 ! "Café descafeinado"
  Expenses:Mercado                              56.69 BRL
  Liabilities:Cartao:MastercardC6Bank          -56.69 BRL
  origem_id: "52d00c77b05e3ce9"

2026-02-04 ! "FARMACIA CAMBOINHAS    NITEROI       BRA,"
  Expenses:Medicamentos                        112.95 BRL
  Liabilities:Cartao:MastercardC6Bank         -112.95 BRL
  origem_id: "9a08fd397953620d"

2026-02-04 ! "MERCADOLIVRE*3PRODUTOS GUARULHOS     BRA, 1/4"
  Expenses:FamiliaDadi                          31.70 BRL
  Liabilities:Cartao:MastercardC6Bank          -31.70 BRL
  origem_id: "2e51377e05575c7a"

2026-02-04 ! "MERCADOLIVRE*8PRODUTO  Osasco        BRA,"
  Expenses:Mercado                             315.90 BRL
  Liabilities:Cartao:MastercardC6Bank         -315.90 BRL
  origem_id: "ccca044da41ebbee"

2026-02-04 ! "MR TRIGO               NITEROI       BRA,"
  Expenses:Mercado                              13.99 BRL
  Liabilities:Cartao:MastercardC6Bank          -13.99 BRL
  origem_id: "690a80b87f8886f3"

2026-02-04 ! "SUPERMERCADO REAL NITE NITEROI       BRA,"
  Expenses:Mercado                             719.20 BRL
  Liabilities:Cartao:MastercardC6Bank         -719.20 BRL
  origem_id: "5d54372e3b0a04e8"

2026-02-04 * "Transferência"
  Assets:BR:C6Bank                            5610.67 BRL
  Income:Transferencias                      -5610.67 BRL
  origem_id: "045d9c922e53be1c"

2026-02-05 ! "POSTO TREVO DE PIRATI  NITEROI       BRA,"
  Expenses:Gasolina                            100.00 BRL
  Liabilities:Cartao:MastercardC6Bank         -100.00 BRL
  origem_id: "0258fabc474858f3"

2026-02-05 * "Pix enviado: 'Cp :31872495-Jose Eduardo Alves de Carvalho..."
  Expenses:Transferencias                       34.00 BRL
  Assets:BR:BancoInter                         -34.00 BRL
  origem_id: "8b6f5d1d5c62c171"

2026-02-05 * "Pix enviado: 'Cp :31872495-Jose Eduardo Alves de Carvalho..."
  Assets:BR:C6Bank                              34.00 BRL
  Income:Transferencias                        -34.00 BRL
  origem_id: "ee2b3e9ae7d04906"

2026-02-06 ! "DL *UberRides"
  Expenses:CarolCuidadosPessoais                14.96 BRL
  Liabilities:Cartao:CartaoDeCreditoInter      -14.96 BRL
  origem_id: "781487cec6e8fe24"

2026-02-06 ! "MONARCA BURGERS - PIRA NITEROI       BRA,"
  Expenses:BaresERestaurantes                   85.71 BRL
  Liabilities:Cartao:MastercardC6Bank          -85.71 BRL
  origem_id: "32f549db8b682f66"

2026-02-06 ! "TUTTI AMICI"
  Expenses:CarolCuidadosPessoais                69.63 BRL
  Liabilities:Cartao:CartaoDeCreditoInter      -69.63 BRL
  origem_id: "c00a1931b263ba9f"

2026-02-06 ! "Uber UBER * PENDING"
  Expenses:CarolCuidadosPessoais                13.23 BRL
  Liabilities:Cartao:CartaoDeCreditoInter      -13.23 BRL
  origem_id: "063441fe5d9c7029"

2026-02-07 ! "FALHEIROS PIZZA"
  Expenses:BaresERestaurantes                   87.40 BRL
  Liabilities:Cartao:MastercardC6Bank          -87.40 BRL
  origem_id: "8782748b8fa6e88c"

2026-02-08 ! "LIVELO                 SANTANA DE PA BRA, 2/10"
  Expenses:CarolCuidadosPessoais               400.89 BRL
  Liabilities:Cartao:MastercardC6Bank         -400.89 BRL
  origem_id: "ec7f1e4684a71cb7"

2026-02-09 ! "09 de nov. 2025 MP *MELIMAIS - R"
  Expenses:CinemaEAluguelDeVideosEMusica        24.90 BRL
  Liabilities:Cartao:CartaoDeCreditoInter      -24.90 BRL
  origem_id: "d06e9a12ac460fb3"

2026-02-09 ! "FORTEL                 NITEROI       BRA,"
  Expenses:Manutencoes                         873.00 BRL
  Liabilities:Cartao:MastercardC6Bank         -873.00 BRL
  origem_id: "26290507d8aa97a9"

2026-02-09 * "Pix enviado: 'Cp :18236120-Andre Luiz da Silva Mesquita 0..."
  Expenses:EduardoCuidadosPessoais              70.00 BRL
  Assets:BR:BancoInter                         -70.00 BRL
  origem_id: "bb010ff9d781b9fe"

2026-02-09 ! "Uber UBER * PENDING"
  Expenses:CarolCuidadosPessoais                18.78 BRL
  Liabilities:Cartao:CartaoDeCreditoInter      -18.78 BRL
  origem_id: "07abb89cf14afbf3"

2026-02-10 ! "ANTHROPIC              SAN FRANCISCO USA,"
  Expenses:EduardoCuidadosPessoais              27.54 BRL
  Liabilities:Cartao:MastercardC6Bank          -27.54 BRL
  origem_id: "12ab91b09410def9"

2026-02-10 ! "ARMAZEM CAMBOINHAS     NITEROI       BRA,"
  Expenses:Mercado                             102.80 BRL
  Liabilities:Cartao:MastercardC6Bank         -102.80 BRL
  origem_id: "d59861432339f36e"

2026-02-10 ! "Ar condicionado escritorio 6/12"
  Expenses:Mobilia                             156.57 BRL
  Liabilities:Cartao:CartaoDeCreditoInter     -156.57 BRL
  origem_id: "ee5ef615d79431d1"

2026-02-10 ! "DL*GOOGLE Apple SAO PAULO (Apple tv"
  Expenses:CinemaEAluguelDeVideosEMusica        21.90 BRL
  Liabilities:Cartao:SmilesBbPlatinum          -21.90 BRL
  origem_id: "c79a6cc18c679643"

2026-02-10 ! "FARMACIA APOLO         NITEROI       BRA,"
  Expenses:Medicamentos                        118.30 BRL
  Liabilities:Cartao:MastercardC6Bank         -118.30 BRL
  origem_id: "4d14ae5545a702d8"

2026-02-10 * "Sem parar"
  Expenses:Semparar                             74.22 BRL
  Assets:BR:BbCorrente                         -74.22 BRL
  origem_id: "ca679cbe506986b3"

2026-02-11 ! "Google armazenamento e gemini"
  Expenses:CasaCuidadosPessoais                 96.99 BRL
  Liabilities:Cartao:SmilesBbPlatinum          -96.99 BRL
  origem_id: "fb2a1c0038d14851"

2026-02-11 * "IPTU 2026"
  Expenses:Iptu                                494.48 BRL
  Assets:BR:BancoInter                        -494.48 BRL
  origem_id: "a4d28b3dcc45026f"

2026-02-11 ! "REAL DE NITEROI        NITEROI       BRA,"
  Expenses:Mercado                             104.37 BRL
  Liabilities:Cartao:MastercardC6Bank         -104.37 BRL
  origem_id: "81a1b48904fcd51b"

2026-02-11 ! "SUPERMERCADO REAL NITE NITEROI       BRA,"
  Expenses:Mercado                             803.63 BRL
  Liabilities:Cartao:MastercardC6Bank         -803.63 BRL
  origem_id: "2865e9501d70d7e4"

2026-02-11 ! "Uber UBER * PENDING"
  Expenses:CarolCuidadosPessoais                11.94 BRL
  Liabilities:Cartao:CartaoDeCreditoInter      -11.94 BRL
  origem_id: "ed93f0dc5923a41b"

2026-02-12 ! "MERCADO*15PRODUTOS     OSASCO        BRA,"
  Expenses:Mercado                             311.56 BRL
  Liabilities:Cartao:MastercardC6Bank         -311.56 BRL
  origem_id: "fd8354383615a577"

2026-02-12 ! "POPULAR ITAIPU         NITEROI       BRA,"
  Expenses:Medicamentos                         34.56 BRL
  Liabilities:Cartao:MastercardC6Bank          -34.56 BRL
  origem_id: "1919f44c5a330d5a"

2026-02-12 * "Pix enviado: '00019 73908622 CAROLINA CARVALHO' Carolina ..."
  Expenses:CarolCuidadosPessoais               150.00 BRL
  Assets:BR:BancoInter                        -150.00 BRL
  origem_id: "432fe97b37170df3"

2026-02-12 ! "Uber UBER * PENDING"
  Expenses:CarolCuidadosPessoais                10.96 BRL
  Liabilities:Cartao:CartaoDeCreditoInter      -10.96 BRL
  origem_id: "afc5cf9f8b2cfbcd"

2026-02-13 * "Conta de água"
  Expenses:Agua                                340.80 BRL
  Assets:BR:BbCorrente                        -340.80 BRL
  origem_id: "92185a4d7809dd50"

2026-02-13 * "Diego empreiteiro"
  Expenses:Manutencoes                        4000.00 BRL
  Assets:BR:C6Bank                           -4000.00 BRL
  origem_id: "4995feb898bc76b8"

2026-02-13 * "Escola Bela parte"
  Expenses:AjudaBrunaIsabela                   834.00 BRL
  Assets:BR:BancoInter                        -834.00 BRL
  origem_id: "a685cdbbb12efd05"

2026-02-13 ! "LAGOA II MATERIAL DE C NITEROI       BRA, cadeado"
  Expenses:Manutencoes                          28.00 BRL
  Liabilities:Cartao:MastercardC6Bank          -28.00 BRL
  origem_id: "996878ab3e58f2a6"

2026-02-13 * "Pix enviado: 'Cp :60746948-MAISMOBI' Maismobi"
  Expenses:CarolCuidadosPessoais                30.00 BRL
  Assets:BR:BancoInter                         -30.00 BRL
  origem_id: "63525ec673a94382"

2026-02-13 * "Pix enviado: 'Cp :90400888-Diego Costa Rodrigues' Diego C..."
  Expenses:Manutencoes                         143.00 BRL
  Assets:BR:BancoInter                        -143.00 BRL
  origem_id: "a218890470829e03"

2026-02-13 * "Pix recebido: 'Cp :31872495-JOSE EDUARDO ALVES DE CARVALH..."
  Assets:BR:BancoInter                         300.00 BRL
  Income:Transferencias                       -300.00 BRL
  origem_id: "d6337ef2ee4374be"

2026-02-13 * "Pix recebido: 'Cp :31872495-JOSE EDUARDO ALVES DE CARVALH..."
  Expenses:Transferencias                      300.00 BRL
  Assets:BR:C6Bank                            -300.00 BRL
  origem_id: "c70eb76af944539a"

2026-02-13 ! "Q. CHOPP BRAHMA 2      NITEROI       BRA,"
  Expenses:BaresERestaurantes                  106.15 BRL
  Liabilities:Cartao:MastercardC6Bank         -106.15 BRL
  origem_id: "eeabdd190bcc1042"

2026-02-13 * "Transferência"
  Assets:BR:C6Bank                             300.09 BRL
  Income:Transferencias                       -300.09 BRL
  origem_id: "0e6efb8648628cad"

2026-02-13 * "Transferência"
  Assets:BR:C6Bank                            4000.21 BRL
  Income:Transferencias                      -4000.21 BRL
  origem_id: "fc1cfe033f998000"

2026-02-13 ! "Uber UBER * PENDING"
  Expenses:FamiliaDadi                          23.69 BRL
  Liabilities:Cartao:CartaoDeCreditoInter      -23.69 BRL
  origem_id: "0b0fa870453ce6b3"

2026-02-14 ! "MP *GROWTHSUPPLEMENTS  TIJUCAS       BRA,"
  Expenses:Suplementos                         337.42 BRL
  Liabilities:Cartao:MastercardC6Bank         -337.42 BRL
  origem_id: "6cb38debb6d6355e"

2026-02-14 ! "OPENAI *CHATGPT SUBSCR SAN FRANCISCO USA,"
  Expenses:EduardoCuidadosPessoais              41.66 BRL
  Liabilities:Cartao:MastercardC6Bank          -41.66 BRL
  origem_id: "04d36c020ffd4a2e"

2026-02-15 ! "15/03 Wellhub Gympass BR GympSao Paulo BR R (bubu)"
  Expenses:AjudaBrunaIsabela                    59.90 BRL
  Liabilities:Cartao:SmilesBbPlatinum          -59.90 BRL
  origem_id: "d099f7410e022077"

2026-02-15 ! "ARMAZEM CAMBOINHAS     NITEROI       BRA,"
  Expenses:Mercado                              11.99 BRL
  Liabilities:Cartao:MastercardC6Bank          -11.99 BRL
  origem_id: "6e7694f53e5c6d85"

2026-02-15 ! "ARMAZEM CAMBOINHAS     NITEROI       BRA,"
  Expenses:Mercado                             132.44 BRL
  Liabilities:Cartao:MastercardC6Bank         -132.44 BRL
  origem_id: "1221be36a26dae98"

2026-02-15 ! "MESTRE DO SUCO         NITEROI       BRA,"
  Expenses:BaresERestaurantes                   41.99 BRL
  Liabilities:Cartao:MastercardC6Bank          -41.99 BRL
  origem_id: "ae53fb2398a28f9c"

2026-02-16 ! "MEGA LIMITED           SALAMANCA     ESP,"
  Expenses:CasaCuidadosPessoais                 32.47 BRL
  Liabilities:Cartao:MastercardC6Bank          -32.47 BRL
  origem_id: "00134ba66bb6ad65"

2026-02-16 ! "Uber UBER * PENDING"
  Expenses:CarolCuidadosPessoais                14.12 BRL
  Liabilities:Cartao:CartaoDeCreditoInter      -14.12 BRL
  origem_id: "ac0f47482df900fb"

2026-02-17 ! "Uber UBER * PENDING"
  Expenses:CarolCuidadosPessoais                52.22 BRL
  Liabilities:Cartao:CartaoDeCreditoInter      -52.22 BRL
  origem_id: "00534414430120cc"

2026-02-17 ! "Uber UBER * PENDING"
  Expenses:CarolCuidadosPessoais                17.10 BRL
  Liabilities:Cartao:CartaoDeCreditoInter      -17.10 BRL
  origem_id: "2eee2409fa2f6492"

2026-02-17 ! "Uber UBER * PENDING"
  Expenses:CarolCuidadosPessoais                12.60 BRL
  Liabilities:Cartao:CartaoDeCreditoInter      -12.60 BRL
  origem_id: "2be8531cf091fda7"

2026-02-18 ! "EBN SPOTIFY            CURITIBA      BRA"
  Expenses:CinemaEAluguelDeVideosEMusica        40.90 BRL
  Liabilities:Cartao:CartaoDeCreditoInter      -40.90 BRL
  origem_id: "f23775d9b7b65670"

2026-02-18 ! "SUPERMERCADO REAL NITE NITEROI       BRA,"
  Expenses:Mercado                             651.93 BRL
  Liabilities:Cartao:MastercardC6Bank         -651.93 BRL
  origem_id: "6eac875da4490e04"

2026-02-18 ! "Uber UBER * PENDING"
  Expenses:CarolCuidadosPessoais               121.58 BRL
  Liabilities:Cartao:CartaoDeCreditoInter     -121.58 BRL
  origem_id: "e2157770b2c247d4"

2026-02-18 ! "Uber UBER * PENDING"
  Expenses:CarolCuidadosPessoais               129.17 BRL
  Liabilities:Cartao:CartaoDeCreditoInter     -129.17 BRL
  origem_id: "68624019fed183fa"

2026-02-19 ! "ANUIDADE DIFERENCIADA TIT-PARC 05/12"
  Expenses:Viagem                               48.00 BRL
  Liabilities:Cartao:SmilesBbPlatinum          -48.00 BRL
  origem_id: "641d5e10cf4eda5c"

2026-02-19 ! "POPULAR ITAIPU         NITEROI       BRA,"
  Expenses:Medicamentos                         50.65 BRL
  Liabilities:Cartao:MastercardC6Bank          -50.65 BRL
  origem_id: "101131160d1e5c62"

2026-02-19 ! "Pagto conta telefone - TIM S/A - 3357"
  Expenses:InternetTvCelulares                  99.99 BRL
  Assets:BR:BancoInter                         -99.99 BRL
  origem_id: "7351a82387586fac"

2026-02-20 ! "TIM*maisbbb248m RIO DE JANEIR BR"
  Expenses:InternetTvCelulares                  47.75 BRL
  Liabilities:Cartao:Saraiva                   -47.75 BRL
  origem_id: "a12108bcdfea2d1b"

2026-02-20 ! "Tablet 6/10"
  Expenses:EduardoCuidadosPessoais              94.90 BRL
  Liabilities:Cartao:SmilesBbPlatinum          -94.90 BRL
  origem_id: "04d1732b4d6dee87"

2026-02-23 ! "Amazon Kindle Unltd SAO PAULO BR"
  Expenses:Livros                               24.90 BRL
  Liabilities:Cartao:SmilesBbPlatinum          -24.90 BRL
  origem_id: "03f69d44c3bc3e91"

2026-02-25 ! "ASA*ACADEMIA PARC  8/12"
  Expenses:AjudaBrunaIsabela                   166.42 BRL
  Liabilities:Cartao:SmilesBbPlatinum         -166.42 BRL
  origem_id: "06ad6015fd286046"

2026-02-28 ! "Netflix"
  Expenses:CinemaEAluguelDeVideosEMusica        44.90 BRL
  Liabilities:Cartao:Saraiva                   -44.90 BRL
  origem_id: "02d9d03c8dad0e21"

2026-02-28 ! "Salário"
  Assets:BR:BbCorrente                       20487.14 BRL
  Income:Salario                            -20487.14 BRL
  origem_id: "61b8446040ef62e6"

2026-02-28 ! "Transferência"
  Assets:BR:BancoInter                        3500.00 BRL
  Income:Transferencias                      -3500.00 BRL
  origem_id: "48c8e0b0ef98298f"

2026-02-28 ! "Transferência"
  Expenses:Transferencias                     3500.00 BRL
  Assets:BR:BbCorrente                       -3500.00 BRL
  origem_id: "db279567b739b770"

2026-02-28 ! "pagto cartão"
  Expenses:Transferencias                    12000.00 BRL
  Assets:BR:BbCorrente                      -12000.00 BRL
  origem_id: "91a7294ae64fe67b"

2026-02-28 ! "pagto cartão"
  Assets:BR:C6Bank                           12000.00 BRL
  Income:Transferencias                     -12000.00 BRL
  origem_id: "0e5e8f3cc018940b"

2026-02-28 ! "Óculos  10/10"
  Expenses:EduardoCuidadosPessoais             230.00 BRL
  Liabilities:Cartao:SmilesBbPlatinum         -230.00 BRL
  origem_id: "fefad76e2b3a14e6"
