; History Beancount - Auto-generated by organizze_v5.py
; DO NOT EDIT MANUALLY

2025-01-02 * "Transferência"
  Assets:BR:BbCorrente                       -6000.00 BRL
  Assets:BR:BancoInter                        6000.00 BRL
  origem_id: "transfer_pair:32767c9159c29317"

2025-01-18 * "Ajuste saldo"
  Liabilities:Cartao:CartaoDeCreditoInter       19.24 BRL
  Equity:Ajustes     -19.24 BRL
  origem_id: "ajuste_saldo"

2025-01-19 * "Ajuste saldo"
  Liabilities:Cartao:SmilesBbPlatinum           33.06 BRL
  Equity:Ajustes     -33.06 BRL
  origem_id: "ajuste_saldo"

2025-01-03 * "Pagamento de fatura - Saraiva - Janeiro 2025"
  Liabilities:Cartao:Saraiva                   675.28 BRL
  Assets:BR:BbCorrente                        -675.28 BRL
  origem_id: "pagto_cartao"

2025-01-03 * "Pagamento de fatura - Cartão de crédito Inter - Janeiro 2025"
  Liabilities:Cartao:CartaoDeCreditoInter     2948.41 BRL
  Assets:BR:BancoInter                       -2948.41 BRL
  origem_id: "pagto_cartao"

2025-01-03 * "Pagamento de fatura - Smiles BB Platinum - Janeiro 2025"
  Liabilities:Cartao:SmilesBbPlatinum        17288.56 BRL
  Assets:BR:BbCorrente                      -17288.56 BRL
  origem_id: "pagto_cartao"

2025-02-03 * "Pagamento de fatura"
  Liabilities:Cartao:Saraiva                   386.02 BRL
  Assets:BR:BbCorrente                        -386.02 BRL
  origem_id: "pagto_cartao"

2025-02-03 * "Pagamento de fatura - Cartão de crédito Inter - Fevereiro..."
  Liabilities:Cartao:CartaoDeCreditoInter     1913.03 BRL
  Assets:BR:BancoInter                       -1913.03 BRL
  origem_id: "pagto_cartao"

2025-02-03 * "Pagamento de fatura - Smiles BB Platinum - Fevereiro 2025"
  Liabilities:Cartao:SmilesBbPlatinum        19390.43 BRL
  Assets:BR:BbCorrente                      -19390.43 BRL
  origem_id: "pagto_cartao"

2025-01-02 * "Pagamento de Boleto - PORTO S COMP DE S GERAIS  1/3"
  Expenses:Boletos                             338.09 BRL
  Assets:BR:BbCorrente                        -338.09 BRL
  origem_id: "pagto_boleto"

2025-01-30 * "Pagamento de Boleto - PORTO S COMP DE S GERAIS  2/3"
  Expenses:Boletos                             338.09 BRL
  Assets:BR:BbCorrente                        -338.09 BRL
  origem_id: "pagto_boleto"

2025-01-01 * "TRESS MERCADO VAREJIST NITEROI"
  Expenses:Mercado                              11.44 BRL
  Liabilities:Cartao:SmilesBbPlatinum          -11.44 BRL
  origem_id: "despesa"

2025-01-01 * "APOIASE*APOIAse Vario São Paulo"
  Expenses:EduardoCuidadosPessoais              55.00 BRL
  Liabilities:Cartao:Saraiva                   -55.00 BRL
  origem_id: "despesa"

2025-01-01 * "Alipayaliexpress Pix"
  Expenses:EduardoCuidadosPessoais             220.13 BRL
  Assets:BR:BancoInter                        -220.13 BRL
  origem_id: "despesa"

2025-01-01 * "Tratamento DTM Carol 4/10"
  Expenses:ProfissionaisSaude                  480.00 BRL
  Liabilities:Cartao:SmilesBbPlatinum         -480.00 BRL
  origem_id: "despesa"

2025-01-02 * "Cobrança de I.O.F. - IOF Saldo Devedor Conta"
  Expenses:ImpostosETaxas                        8.70 BRL
  Assets:BR:BbCorrente                          -8.70 BRL
  origem_id: "despesa"

2025-01-02 * "Cobrança de Juros - Juros Saldo Devedor Conta"
  Expenses:ImpostosETaxas                       11.28 BRL
  Assets:BR:BbCorrente                         -11.28 BRL
  origem_id: "despesa"

2025-01-02 * "Ajuda plano saúde Luluca"
  Expenses:FamiliaDadi                          65.00 BRL
  Assets:BR:BancoInter                         -65.00 BRL
  origem_id: "despesa"

2025-01-02 * "Telefone Ana"
  Expenses:InternetTvCelulares                  76.99 BRL
  Assets:BR:BbCorrente                         -76.99 BRL
  origem_id: "despesa"

2025-01-02 * "Mesada Isabela"
  Expenses:AjudaBrunaIsabela                   100.00 BRL
  Assets:BR:BancoInter                        -100.00 BRL
  origem_id: "despesa"

2025-01-02 * "Ajuda mensal Nininha"
  Expenses:FamiliaDadi                         100.00 BRL
  Assets:BR:BancoInter                        -100.00 BRL
  origem_id: "despesa"

2025-01-02 * "Cesta básica Cristiane do jacaré"
  Expenses:Ofertas                             100.00 BRL
  Assets:BR:BancoInter                        -100.00 BRL
  origem_id: "despesa"

2025-01-02 * "Leste Telecom"
  Expenses:InternetTvCelulares                 129.99 BRL
  Assets:BR:BancoInter                        -129.99 BRL
  origem_id: "despesa"

2025-01-02 * "Terapias"
  Expenses:ProfissionaisSaude                  140.00 BRL
  Assets:BR:BancoInter                        -140.00 BRL
  origem_id: "despesa"

2025-01-02 * "Maquina lavar 1/10"
  Expenses:Mobilia                             196.68 BRL
  Liabilities:Cartao:SmilesBbPlatinum         -196.68 BRL
  origem_id: "despesa"

2025-01-02 * "Mesada Carol"
  Expenses:CarolCuidadosPessoais               210.00 BRL
  Assets:BR:BancoInter                        -210.00 BRL
  origem_id: "despesa"

2025-01-02 * "Dízimo congruas + oferta alimentação projeto"
  Expenses:Dizimos                             240.00 BRL
  Assets:BR:BancoInter                        -240.00 BRL
  origem_id: "despesa"

2025-01-02 * "Unimed Isabela"
  Expenses:AjudaBrunaIsabela                   250.00 BRL
  Assets:BR:BancoInter                        -250.00 BRL
  origem_id: "despesa"

2025-01-02 * "Ajude custo Angélica"
  Expenses:Manutencoes                         400.00 BRL
  Assets:BR:BancoInter                        -400.00 BRL
  origem_id: "despesa"

2025-01-02 * "Pix - Enviado - 01/01 09:46 Wise Brasil Corretora De C"
  Expenses:Portugal202502                     1303.51 BRL
  Assets:BR:BbCorrente                       -1303.51 BRL
  origem_id: "despesa"

2025-01-03 * "Océane Oceane Brilho Labial Rosa - Glossy Me Rose Océane ..."
  Expenses:CarolCuidadosPessoais                29.90 BRL
  Liabilities:Cartao:SmilesBbPlatinum          -29.90 BRL
  origem_id: "despesa"

2025-01-03 * "Pós grad de Ana"
  Expenses:PsicologiaAna                        69.00 BRL
  Assets:BR:BbCorrente                         -69.00 BRL
  origem_id: "despesa"

2025-01-03 * "Estacionamento Mulitcenter"
  Expenses:PsicologiaAna                        82.50 BRL
  Assets:BR:BbCorrente                         -82.50 BRL
  origem_id: "despesa"

2025-01-03 * "Psicanálise Ana"
  Expenses:PsicologiaAna                       159.20 BRL
  Assets:BR:BbCorrente                        -159.20 BRL
  origem_id: "despesa"

2025-01-03 * "SUPERMERCADO PADRAO D NITEROI"
  Expenses:Mercado                             162.10 BRL
  Liabilities:Cartao:SmilesBbPlatinum         -162.10 BRL
  origem_id: "despesa"

2025-01-03 * "UVA CArol"
  Expenses:EscolaCarol                         170.90 BRL
  Liabilities:Cartao:SmilesBbPlatinum         -170.90 BRL
  origem_id: "despesa"

2025-01-03 * "Terapia Carol"
  Expenses:ProfissionaisSaude                  175.00 BRL
  Assets:BR:BancoInter                        -175.00 BRL
  origem_id: "despesa"

2025-01-03 * "Psicologia Ana"
  Expenses:PsicologiaAna                       588.72 BRL
  Assets:BR:BbCorrente                        -588.72 BRL
  origem_id: "despesa"

2025-01-03 * "Pix - Enviado - 03/01 09:30 Wise Brasil Corretora De C"
  Expenses:Portugal202502                     1299.34 BRL
  Assets:BR:BbCorrente                       -1299.34 BRL
  origem_id: "despesa"

2025-01-03 * "Dízimo"
  Expenses:Dizimos                            2000.00 BRL
  Assets:BR:BancoInter                       -2000.00 BRL
  origem_id: "despesa"

2025-01-04 * "MP*REIDAPICANHA OSASCO"
  Expenses:BaresERestaurantes                  247.17 BRL
  Liabilities:Cartao:SmilesBbPlatinum         -247.17 BRL
  origem_id: "despesa"

2025-01-05 * "DROGARIA PRECO POPULAR NITEROI"
  Expenses:Medicamentos                         22.49 BRL
  Liabilities:Cartao:SmilesBbPlatinum          -22.49 BRL
  origem_id: "despesa"

2025-01-05 * "SUPERMERCADO REAL NITE NITEROI"
  Expenses:Mercado                             203.53 BRL
  Liabilities:Cartao:SmilesBbPlatinum         -203.53 BRL
  origem_id: "despesa"

2025-01-06 * "Chatpdf R"
  Expenses:EduardoCuidadosPessoais              24.99 BRL
  Liabilities:Cartao:SmilesBbPlatinum          -24.99 BRL
  origem_id: "despesa"

2025-01-06 * "TRESS MERCADO VAREJIST NITEROI"
  Expenses:Mercado                              85.96 BRL
  Liabilities:Cartao:SmilesBbPlatinum          -85.96 BRL
  origem_id: "despesa"

2025-01-06 * "Joseedmilsond NISIA FLORES 2/3"
  Expenses:Natal                               100.00 BRL
  Liabilities:Cartao:SmilesBbPlatinum         -100.00 BRL
  origem_id: "despesa"

2025-01-06 * "SUPERMERCADO REAL NITE NITEROI"
  Expenses:Mercado                             459.04 BRL
  Liabilities:Cartao:SmilesBbPlatinum         -459.04 BRL
  origem_id: "despesa"

2025-01-06 * "Luz"
  Expenses:Luz                                 834.69 BRL
  Assets:BR:BbCorrente                        -834.69 BRL
  origem_id: "despesa"

2025-01-07 * "IOF - COMPRA NO EXTERIOR"
  Expenses:EduardoCuidadosPessoais               0.84 BRL
  Liabilities:Cartao:SmilesBbPlatinum           -0.84 BRL
  origem_id: "despesa"

2025-01-07 * "TRESS MERCADO VAREJIST NITEROI"
  Expenses:Mercado                              27.30 BRL
  Liabilities:Cartao:SmilesBbPlatinum          -27.30 BRL
  origem_id: "despesa"

2025-01-07 * "Kit queijo"
  Expenses:Mobilia                              39.65 BRL
  Liabilities:Cartao:SmilesBbPlatinum          -39.65 BRL
  origem_id: "despesa"

2025-01-07 * "La Roche-Posay, Anthelios Airlicium, Protetor Solar Facia..."
  Expenses:CarolCuidadosPessoais                81.99 BRL
  Liabilities:Cartao:SmilesBbPlatinum          -81.99 BRL
  origem_id: "despesa"

2025-01-07 * "TRESS MERCADO VAREJIST NITEROI"
  Expenses:Mercado                              90.59 BRL
  Liabilities:Cartao:SmilesBbPlatinum          -90.59 BRL
  origem_id: "despesa"

2025-01-07 * "Ventilador"
  Expenses:Mobilia                             139.90 BRL
  Liabilities:Cartao:SmilesBbPlatinum         -139.90 BRL
  origem_id: "despesa"

2025-01-08 * "FARMACIA CAMBOINHAS LT NITEROI"
  Expenses:Medicamentos                         38.99 BRL
  Liabilities:Cartao:SmilesBbPlatinum          -38.99 BRL
  origem_id: "despesa"

2025-01-08 * "TRESS MERCADO VAREJIST NITEROI"
  Expenses:Mercado                              62.41 BRL
  Liabilities:Cartao:SmilesBbPlatinum          -62.41 BRL
  origem_id: "despesa"

2025-01-08 * "ZeeNow Sao Paulo"
  Expenses:CarolCuidadosPessoais                85.55 BRL
  Liabilities:Cartao:SmilesBbPlatinum          -85.55 BRL
  origem_id: "despesa"

2025-01-08 * "MERCADOLIVRE*5PRODUTOS OSASCO"
  Expenses:Mercado                              96.51 BRL
  Liabilities:Cartao:SmilesBbPlatinum          -96.51 BRL
  origem_id: "despesa"

2025-01-08 * "whey carol"
  Expenses:CarolCuidadosPessoais               134.48 BRL
  Liabilities:Cartao:SmilesBbPlatinum         -134.48 BRL
  origem_id: "despesa"

2025-01-08 * "POPULAR ITAIPU NITEROI"
  Expenses:Medicamentos                        149.28 BRL
  Liabilities:Cartao:SmilesBbPlatinum         -149.28 BRL
  origem_id: "despesa"

2025-01-08 * "Pix - Enviado - 08/01 10:22 Wise Brasil Corretora De C"
  Expenses:Portugal202502                     1930.92 BRL
  Assets:BR:BbCorrente                       -1930.92 BRL
  origem_id: "despesa"

2025-01-09 * "MESTRE DO SUCO NITEROI"
  Expenses:BaresERestaurantes                   30.00 BRL
  Liabilities:Cartao:SmilesBbPlatinum          -30.00 BRL
  origem_id: "despesa"

2025-01-09 * "SUPERMERCADO PADRAO D NITEROI"
  Expenses:Mercado                              33.75 BRL
  Liabilities:Cartao:SmilesBbPlatinum          -33.75 BRL
  origem_id: "despesa"

2025-01-09 * "POPULAR ITAIPU NITEROI"
  Expenses:Medicamentos                         67.11 BRL
  Liabilities:Cartao:SmilesBbPlatinum          -67.11 BRL
  origem_id: "despesa"

2025-01-09 * "Conta de água"
  Expenses:Agua                                318.74 BRL
  Assets:BR:BbCorrente                        -318.74 BRL
  origem_id: "despesa"

2025-01-10 * "FARMACIA CAMBOINHAS LT NITEROI"
  Expenses:Medicamentos                         28.98 BRL
  Liabilities:Cartao:SmilesBbPlatinum          -28.98 BRL
  origem_id: "despesa"

2025-01-10 * "RAIA2694 NITERI"
  Expenses:Medicamentos                         94.66 BRL
  Liabilities:Cartao:SmilesBbPlatinum          -94.66 BRL
  origem_id: "despesa"

2025-01-10 * "Sem parar"
  Expenses:Semparar                            160.39 BRL
  Assets:BR:BbCorrente                        -160.39 BRL
  origem_id: "despesa"

2025-01-10 * "SUPERMERCADO PADRAO D NITEROI"
  Expenses:Mercado                             227.63 BRL
  Liabilities:Cartao:SmilesBbPlatinum         -227.63 BRL
  origem_id: "despesa"

2025-01-10 * "ISJBCOLEGIO S PARC 01/07 NITEROI 1/7"
  Expenses:AjudaBrunaIsabela                   752.25 BRL
  Liabilities:Cartao:SmilesBbPlatinum         -752.25 BRL
  origem_id: "despesa"

2025-01-10 * "ISJBCOLEGIO SALESIANO NITEROI"
  Expenses:AjudaBrunaIsabela                  2210.00 BRL
  Liabilities:Cartao:SmilesBbPlatinum        -2210.00 BRL
  origem_id: "despesa"

2025-01-10 * "Pix - Enviado - 10/01 10:41 Wise Brasil Corretora De C"
  Expenses:Portugal202502                     2550.13 BRL
  Assets:BR:BbCorrente                       -2550.13 BRL
  origem_id: "despesa"

2025-01-11 * "POSTO MARALEGRE NITEROI"
  Expenses:Gasolina                            100.00 BRL
  Liabilities:Cartao:SmilesBbPlatinum         -100.00 BRL
  origem_id: "despesa"

2025-01-11 * "SUPERMERCADO REAL NITE NITEROI"
  Expenses:Mercado                             603.35 BRL
  Liabilities:Cartao:SmilesBbPlatinum         -603.35 BRL
  origem_id: "despesa"

2025-01-11 * "Natal 4/6"
  Expenses:Natal                               656.36 BRL
  Liabilities:Cartao:SmilesBbPlatinum         -656.36 BRL
  origem_id: "despesa"

2025-01-12 * "EXTRA HIPER-1804 NITEROI"
  Expenses:BaresERestaurantes                    5.99 BRL
  Liabilities:Cartao:SmilesBbPlatinum           -5.99 BRL
  origem_id: "despesa"

2025-01-12 * "MCDONALDS NITEROI"
  Expenses:BaresERestaurantes                    8.90 BRL
  Liabilities:Cartao:SmilesBbPlatinum           -8.90 BRL
  origem_id: "despesa"

2025-01-12 * "DROGAS PACHECO 238 NITEROI"
  Expenses:Medicamentos                         15.98 BRL
  Liabilities:Cartao:SmilesBbPlatinum          -15.98 BRL
  origem_id: "despesa"

2025-01-12 * "EXTRA HIPER-1804 NITEROI"
  Expenses:BaresERestaurantes                   16.90 BRL
  Liabilities:Cartao:SmilesBbPlatinum          -16.90 BRL
  origem_id: "despesa"

2025-01-12 * "KOPENHAGEM ITAIPU NITEROI"
  Expenses:BaresERestaurantes                   31.90 BRL
  Liabilities:Cartao:SmilesBbPlatinum          -31.90 BRL
  origem_id: "despesa"

2025-01-12 * "EXTRA HIPER-1804 NITEROI"
  Expenses:Mercado                              75.10 BRL
  Liabilities:Cartao:SmilesBbPlatinum          -75.10 BRL
  origem_id: "despesa"

2025-01-12 * "MARY COOKS NITEROI"
  Expenses:BaresERestaurantes                   81.25 BRL
  Liabilities:Cartao:SmilesBbPlatinum          -81.25 BRL
  origem_id: "despesa"

2025-01-12 * "DROGARIA PRECO POPULAR NITEROI"
  Expenses:Medicamentos                        253.50 BRL
  Liabilities:Cartao:SmilesBbPlatinum         -253.50 BRL
  origem_id: "despesa"

2025-01-13 * "TRESS MERCADO VAREJIST NITEROI"
  Expenses:Mercado                              59.65 BRL
  Liabilities:Cartao:SmilesBbPlatinum          -59.65 BRL
  origem_id: "despesa"

2025-01-13 * "CompanySoftFiltro NITEROI"
  Expenses:Manutencoes                         140.00 BRL
  Liabilities:Cartao:SmilesBbPlatinum         -140.00 BRL
  origem_id: "despesa"

2025-01-13 * "MERCADOLIVRE*SHOPMEGA SO PAULO"
  Expenses:Portugal202502                      364.59 BRL
  Liabilities:Cartao:SmilesBbPlatinum         -364.59 BRL
  origem_id: "despesa"

2025-01-13 * "Pix - Enviado - 13/01 12:14 Wise Brasil Corretora De C"
  Expenses:Portugal202502                     1271.47 BRL
  Assets:BR:BbCorrente                       -1271.47 BRL
  origem_id: "despesa"

2025-01-14 * "PAO E ETC PRAIA ICARAI NITEROI BR"
  Expenses:EduardoCuidadosPessoais               9.90 BRL
  Liabilities:Cartao:SmilesBbPlatinum           -9.90 BRL
  origem_id: "despesa"

2025-01-14 * "DL *GOOGLE YouTubePrem SAO PAULO BR"
  Expenses:AssinaturasEServicos                 13.90 BRL
  Liabilities:Cartao:SmilesBbPlatinum          -13.90 BRL
  origem_id: "despesa"

2025-01-14 * "CONDOMINIO DO EDIFIC NITEROI BR"
  Expenses:FamiliaDadi                          20.00 BRL
  Liabilities:Cartao:SmilesBbPlatinum          -20.00 BRL
  origem_id: "despesa"

2025-01-14 * "TRESS MERCADO VAREJIST NITEROI BR"
  Expenses:Mercado                              27.96 BRL
  Liabilities:Cartao:SmilesBbPlatinum          -27.96 BRL
  origem_id: "despesa"

2025-01-14 * "Star plus + mercado livre"
  Expenses:CinemaEAluguelDeVideosEMusica        27.99 BRL
  Liabilities:Cartao:SmilesBbPlatinum          -27.99 BRL
  origem_id: "despesa"

2025-01-14 * "SUPERMERCADO PADRAO D NITEROI BR"
  Expenses:Mercado                             140.39 BRL
  Liabilities:Cartao:SmilesBbPlatinum         -140.39 BRL
  origem_id: "despesa"

2025-01-14 * "SUPERMERCADO REAL NITE NITEROI BR"
  Expenses:Mercado                             526.39 BRL
  Liabilities:Cartao:SmilesBbPlatinum         -526.39 BRL
  origem_id: "despesa"

2025-01-15 * "Genera 6/9"
  Expenses:EduardoCuidadosPessoais              33.89 BRL
  Liabilities:Cartao:CartaoDeCreditoInter      -33.89 BRL
  origem_id: "despesa"

2025-01-15 * "Pagto conta telefone - TIM S/A - 3357"
  Expenses:InternetTvCelulares                  75.99 BRL
  Assets:BR:BancoInter                         -75.99 BRL
  origem_id: "despesa"

2025-01-15 * "Wine 7/12"
  Expenses:Mercado                             119.42 BRL
  Liabilities:Cartao:CartaoDeCreditoInter     -119.42 BRL
  origem_id: "despesa"

2025-01-15 * "CIROD - ITAIPU NITEROI BR (RX ANa)"
  Expenses:ProfissionaisSaude                  195.00 BRL
  Liabilities:Cartao:SmilesBbPlatinum         -195.00 BRL
  origem_id: "despesa"

2025-01-15 * "Euros"
  Expenses:Portugal202502                     2536.84 BRL
  Assets:BR:BbCorrente                       -2536.84 BRL
  origem_id: "despesa"

2025-01-16 * "MP*HAVONNAN OSASCO BR"
  Expenses:CarolCuidadosPessoais                10.00 BRL
  Liabilities:Cartao:SmilesBbPlatinum          -10.00 BRL
  origem_id: "despesa"

2025-01-16 * "ART PIZZA NITEROI BR"
  Expenses:AnaCuidadosPessoais                  37.29 BRL
  Liabilities:Cartao:SmilesBbPlatinum          -37.29 BRL
  origem_id: "despesa"

2025-01-16 * "Pix - Enviado - 16/01 10:41 Wise Brasil Corretora De C"
  Expenses:Portugal202502                     1897.76 BRL
  Assets:BR:BbCorrente                       -1897.76 BRL
  origem_id: "despesa"

2025-01-17 * "TRESS MERCADO VAREJIST NITEROI BR"
  Expenses:Mercado                              61.08 BRL
  Liabilities:Cartao:SmilesBbPlatinum          -61.08 BRL
  origem_id: "despesa"

2025-01-18 * "Spotify"
  Expenses:CinemaEAluguelDeVideosEMusica        34.90 BRL
  Liabilities:Cartao:CartaoDeCreditoInter      -34.90 BRL
  origem_id: "despesa"

2025-01-18 * "AMAZON BR SAO PAULO BR"
  Expenses:Mercado                              44.06 BRL
  Liabilities:Cartao:SmilesBbPlatinum          -44.06 BRL
  origem_id: "despesa"

2025-01-18 * "AMAZON BR SAO PAULO BR"
  Expenses:Mercado                              48.42 BRL
  Liabilities:Cartao:SmilesBbPlatinum          -48.42 BRL
  origem_id: "despesa"

2025-01-18 * "COBASI GUANAB PARC  2/2"
  Expenses:AnaCuidadosPessoais                  82.95 BRL
  Liabilities:Cartao:SmilesBbPlatinum          -82.95 BRL
  origem_id: "despesa"

2025-01-18 * "MERCADO PRAIA NITEROI BR"
  Expenses:CarolCuidadosPessoais                89.90 BRL
  Liabilities:Cartao:SmilesBbPlatinum          -89.90 BRL
  origem_id: "despesa"

2025-01-18 * "DROGARIAS PACHECO NITEROI BR"
  Expenses:Medicamentos                        125.54 BRL
  Liabilities:Cartao:SmilesBbPlatinum         -125.54 BRL
  origem_id: "despesa"

2025-01-18 * "Mercado total"
  Expenses:Mercado                             228.42 BRL
  Liabilities:Cartao:CartaoDeCreditoInter     -228.42 BRL
  origem_id: "despesa"

2025-01-18 * "Carol total fatura cartao"
  Expenses:CarolCuidadosPessoais               587.64 BRL
  Liabilities:Cartao:CartaoDeCreditoInter     -587.64 BRL
  origem_id: "despesa"

2025-01-19 * "MERCADOLIVRE*EBARTYSTOROSASCO BR"
  Expenses:EduardoCuidadosPessoais              35.10 BRL
  Liabilities:Cartao:SmilesBbPlatinum          -35.10 BRL
  origem_id: "despesa"

2025-01-19 * "SHOPEE *HLFASHIONModaf S?o Paulo BR"
  Expenses:AnaCuidadosPessoais                  81.06 BRL
  Liabilities:Cartao:SmilesBbPlatinum          -81.06 BRL
  origem_id: "despesa"

2025-01-19 * "LABORATORIO M PARC 01/06 NITEROI 3/6"
  Expenses:ProfissionaisSaude                   99.87 BRL
  Liabilities:Cartao:SmilesBbPlatinum          -99.87 BRL
  origem_id: "despesa"

2025-01-19 * "SUPERMERCADO REAL NITE NITEROI BR"
  Expenses:Mercado                             236.82 BRL
  Liabilities:Cartao:SmilesBbPlatinum         -236.82 BRL
  origem_id: "despesa"

2025-01-19 * "Viagem 2024-02 7/10"
  Expenses:Portugal202502                      782.52 BRL
  Liabilities:Cartao:CartaoDeCreditoInter     -782.52 BRL
  origem_id: "despesa"

2025-01-20 * "MR TRIGO NITEROI BR"
  Expenses:BaresERestaurantes                   37.50 BRL
  Liabilities:Cartao:SmilesBbPlatinum          -37.50 BRL
  origem_id: "despesa"

2025-01-20 * "TIM*maisbbb248m RIO DE JANEIR BR"
  Expenses:InternetTvCelulares                  43.37 BRL
  Liabilities:Cartao:Saraiva                   -43.37 BRL
  origem_id: "despesa"

2025-01-21 * "ANUIDADE DIFERENCIADA TIT-PARC 05/12"
  Expenses:Viagem                               48.00 BRL
  Liabilities:Cartao:SmilesBbPlatinum          -48.00 BRL
  origem_id: "despesa"

2025-01-21 * "POSTO TREVO DE PIRATIN NITEROI BR"
  Expenses:Gasolina                            102.00 BRL
  Liabilities:Cartao:SmilesBbPlatinum         -102.00 BRL
  origem_id: "despesa"

2025-01-21 * "Raia Drogasil S A"
  Expenses:Medicamentos                        128.14 BRL
  Assets:BR:BancoInter                        -128.14 BRL
  origem_id: "despesa"

2025-01-21 * "UNIDAS LOCADO PARC  3/3"
  Expenses:Natal                               242.75 BRL
  Liabilities:Cartao:Saraiva                  -242.75 BRL
  origem_id: "despesa"

2025-01-21 * "Camila Castilho Machado Rosa"
  Expenses:ProfissionaisSaude                  350.00 BRL
  Assets:BR:BancoInter                        -350.00 BRL
  origem_id: "despesa"

2025-01-21 * "SUPERMERCADO REAL NITE NITEROI BR"
  Expenses:Mercado                             500.65 BRL
  Liabilities:Cartao:SmilesBbPlatinum         -500.65 BRL
  origem_id: "despesa"

2025-01-22 * "Apoio Jones Manuel"
  Expenses:EduardoCuidadosPessoais               4.99 BRL
  Liabilities:Cartao:SmilesBbPlatinum           -4.99 BRL
  origem_id: "despesa"

2025-01-22 * "COMPAO NITEROI BR"
  Expenses:BaresERestaurantes                    8.00 BRL
  Liabilities:Cartao:SmilesBbPlatinum           -8.00 BRL
  origem_id: "despesa"

2025-01-22 * "EXTRA HIPER-1804 NITEROI BR"
  Expenses:Mercado                               8.90 BRL
  Liabilities:Cartao:SmilesBbPlatinum           -8.90 BRL
  origem_id: "despesa"

2025-01-22 * "EXTRA HIPER-1804 NITEROI BR"
  Expenses:Mercado                             111.68 BRL
  Liabilities:Cartao:SmilesBbPlatinum         -111.68 BRL
  origem_id: "despesa"

2025-01-23 * "Amazon Kindle Unltd SAO PAULO BR"
  Expenses:Livros                               19.90 BRL
  Liabilities:Cartao:SmilesBbPlatinum          -19.90 BRL
  origem_id: "despesa"

2025-01-23 * "SABOR E ARTE COMERCIO DNITEROI BR"
  Expenses:BaresERestaurantes                   21.00 BRL
  Liabilities:Cartao:SmilesBbPlatinum          -21.00 BRL
  origem_id: "despesa"

2025-01-23 * "MERCADOLIVRE*4PRODUTOS OSASCO BR"
  Expenses:Diversos                            106.08 BRL
  Liabilities:Cartao:SmilesBbPlatinum         -106.08 BRL
  origem_id: "despesa"

2025-01-23 * "MERCADOLIVRE*4PRODUTOS OSASCO BR"
  Expenses:Diversos                            107.98 BRL
  Liabilities:Cartao:SmilesBbPlatinum         -107.98 BRL
  origem_id: "despesa"

2025-01-24 * "DROG OCEAN FARMA NITEROI BR"
  Expenses:Medicamentos                          5.99 BRL
  Liabilities:Cartao:SmilesBbPlatinum           -5.99 BRL
  origem_id: "despesa"

2025-01-24 * "LAGOA II MATERIAL DE C NITEROI BR"
  Expenses:Manutencoes                          35.00 BRL
  Liabilities:Cartao:SmilesBbPlatinum          -35.00 BRL
  origem_id: "despesa"

2025-01-24 * "TRESS MERCADO VAREJIST NITEROI BR"
  Expenses:Mercado                              58.36 BRL
  Liabilities:Cartao:SmilesBbPlatinum          -58.36 BRL
  origem_id: "despesa"

2025-01-24 * "PARC=112 Smil PARC 01/12 Barueri 5/12"
  Expenses:Viagem                               70.20 BRL
  Liabilities:Cartao:SmilesBbPlatinum          -70.20 BRL
  origem_id: "despesa"

2025-01-24 * "SUPERMERCADO PADRAO D NITEROI BR"
  Expenses:Mercado                              93.15 BRL
  Liabilities:Cartao:SmilesBbPlatinum          -93.15 BRL
  origem_id: "despesa"

2025-01-24 * "AMOEDO ITAIPU NITEROI 3/5"
  Expenses:Manutencoes                         106.09 BRL
  Liabilities:Cartao:SmilesBbPlatinum         -106.09 BRL
  origem_id: "despesa"

2025-01-24 * "Uber Carol"
  Expenses:CarolCuidadosPessoais               159.58 BRL
  Liabilities:Cartao:CartaoDeCreditoInter     -159.58 BRL
  origem_id: "despesa"

2025-01-24 * "Mauricio Pessanha Lima"
  Expenses:Manutencoes                         232.00 BRL
  Assets:BR:BancoInter                        -232.00 BRL
  origem_id: "despesa"

2025-01-25 * "VARIEDADES PIRATININ NITEROI BR"
  Expenses:Manutencoes                          13.00 BRL
  Liabilities:Cartao:SmilesBbPlatinum          -13.00 BRL
  origem_id: "despesa"

2025-01-25 * "EXTRA HIPER-1804 NITEROI BR"
  Expenses:Mercado                              16.49 BRL
  Liabilities:Cartao:SmilesBbPlatinum          -16.49 BRL
  origem_id: "despesa"

2025-01-25 * "REBECA PORTO CAKE NITEROI BR"
  Expenses:BaresERestaurantes                   24.90 BRL
  Liabilities:Cartao:SmilesBbPlatinum          -24.90 BRL
  origem_id: "despesa"

2025-01-25 * "REBECA PORTO CAKE NITEROI BR"
  Expenses:BaresERestaurantes                   28.80 BRL
  Liabilities:Cartao:SmilesBbPlatinum          -28.80 BRL
  origem_id: "despesa"

2025-01-25 * "BELLINE NITEROI BR"
  Expenses:BaresERestaurantes                   51.90 BRL
  Liabilities:Cartao:SmilesBbPlatinum          -51.90 BRL
  origem_id: "despesa"

2025-01-25 * "MERCADOLIVRE*MALUMIS OSASCO BR - sacos vácuo"
  Expenses:Portugal202502                       52.89 BRL
  Liabilities:Cartao:SmilesBbPlatinum          -52.89 BRL
  origem_id: "despesa"

2025-01-25 * "CASA E VIDEO 264 NITEROI BR"
  Expenses:Mobilia                              76.95 BRL
  Liabilities:Cartao:SmilesBbPlatinum          -76.95 BRL
  origem_id: "despesa"

2025-01-25 * "MARY COOKS NITEROI BR"
  Expenses:BaresERestaurantes                   80.95 BRL
  Liabilities:Cartao:SmilesBbPlatinum          -80.95 BRL
  origem_id: "despesa"

2025-01-26 * "AMAZON BR SAO PAULO BR"
  Expenses:CarolCuidadosPessoais                 9.54 BRL
  Liabilities:Cartao:SmilesBbPlatinum           -9.54 BRL
  origem_id: "despesa"

2025-01-26 * "ICL com apoio a bolsista 9/12"
  Expenses:Cursos                               62.00 BRL
  Liabilities:Cartao:CartaoDeCreditoInter      -62.00 BRL
  origem_id: "despesa"

2025-01-26 * "Sandro 2/2"
  Expenses:Manutencoes                          70.00 BRL
  Assets:BR:BancoInter                         -70.00 BRL
  origem_id: "despesa"

2025-01-26 * "Sandro 1/2"
  Expenses:Manutencoes                         150.00 BRL
  Assets:BR:BancoInter                        -150.00 BRL
  origem_id: "despesa"

2025-01-26 * "MERCADOLIVRE*TITANESESPOSASCO BR - tenis Ana"
  Expenses:AnaCuidadosPessoais                 266.62 BRL
  Liabilities:Cartao:SmilesBbPlatinum         -266.62 BRL
  origem_id: "despesa"

2025-01-26 * "SUPERMERCADO REAL NITE NITEROI BRmer"
  Expenses:Mercado                             384.81 BRL
  Liabilities:Cartao:SmilesBbPlatinum         -384.81 BRL
  origem_id: "despesa"

2025-01-27 * "PAYPAL *SHENDUQRWEA 18658850911 HK - echip"
  Expenses:Portugal202502                       33.19 BRL
  Liabilities:Cartao:SmilesBbPlatinum          -33.19 BRL
  origem_id: "despesa"

2025-01-27 * "AMAZON BR SAO PAULO BR"
  Expenses:Portugal202502                      179.80 BRL
  Liabilities:Cartao:SmilesBbPlatinum         -179.80 BRL
  origem_id: "despesa"

2025-01-27 * "Ajude custo Angélica"
  Expenses:Manutencoes                         400.00 BRL
  Assets:BR:BancoInter                        -400.00 BRL
  origem_id: "despesa"

2025-01-28 * "IOF - COMPRA NO EXTERIOR"
  Expenses:ImpostosETaxas                        1.12 BRL
  Liabilities:Cartao:SmilesBbPlatinum           -1.12 BRL
  origem_id: "despesa"

2025-01-28 * "MERCADO SOL AMP MAR NITEROI BRme"
  Expenses:Mercado                              44.79 BRL
  Liabilities:Cartao:SmilesBbPlatinum          -44.79 BRL
  origem_id: "despesa"

2025-01-28 * "Netflix"
  Expenses:CinemaEAluguelDeVideosEMusica        44.90 BRL
  Liabilities:Cartao:Saraiva                   -44.90 BRL
  origem_id: "despesa"

2025-01-28 * "EXTRA HIPER-1804 NITEROI BR"
  Expenses:Mercado                              64.42 BRL
  Liabilities:Cartao:SmilesBbPlatinum          -64.42 BRL
  origem_id: "despesa"

2025-01-28 * "ESPACOLASERRJ 5/11"
  Expenses:CarolCuidadosPessoais                89.08 BRL
  Liabilities:Cartao:SmilesBbPlatinum          -89.08 BRL
  origem_id: "despesa"

2025-01-28 * "Curso tatuagem Juju 1/12"
  Expenses:AjudaFamilia                        170.38 BRL
  Liabilities:Cartao:SmilesBbPlatinum         -170.38 BRL
  origem_id: "despesa"

2025-01-29 * "AMAZON BR SAO PAULO BR"
  Expenses:CarolCuidadosPessoais                 4.17 BRL
  Liabilities:Cartao:SmilesBbPlatinum           -4.17 BRL
  origem_id: "despesa"

2025-01-29 * "Cheirin bão"
  Expenses:BaresERestaurantes                    9.90 BRL
  Liabilities:Cartao:CartaoDeCreditoInter       -9.90 BRL
  origem_id: "despesa"

2025-01-29 * "HBO Max"
  Expenses:CinemaEAluguelDeVideosEMusica        19.95 BRL
  Liabilities:Cartao:SmilesBbPlatinum          -19.95 BRL
  origem_id: "despesa"

2025-01-29 * "Passagens semana Carol"
  Expenses:CarolCuidadosPessoais                20.00 BRL
  Assets:BR:BancoInter                         -20.00 BRL
  origem_id: "despesa"

2025-01-29 * "AMAZON BR SAO PAULO BR"
  Expenses:CarolCuidadosPessoais                20.07 BRL
  Liabilities:Cartao:SmilesBbPlatinum          -20.07 BRL
  origem_id: "despesa"

2025-01-29 * "AIRALO SINGAPORE SG"
  Expenses:Portugal202502                       42.90 BRL
  Liabilities:Cartao:SmilesBbPlatinum          -42.90 BRL
  origem_id: "despesa"

2025-01-29 * "POSTO MARALEGRE NITEROI BR"
  Expenses:Gasolina                            100.00 BRL
  Liabilities:Cartao:SmilesBbPlatinum         -100.00 BRL
  origem_id: "despesa"

2025-01-29 * "Kaori NITEROI BR"
  Expenses:AnaCuidadosPessoais                 103.85 BRL
  Liabilities:Cartao:SmilesBbPlatinum         -103.85 BRL
  origem_id: "despesa"

2025-01-29 * "DrykaBelezaCoiffe NITEROI BR"
  Expenses:AnaCuidadosPessoais                 254.00 BRL
  Liabilities:Cartao:SmilesBbPlatinum         -254.00 BRL
  origem_id: "despesa"

2025-01-30 * "IOF - COMPRA NO EXTERIOR"
  Expenses:Portugal202502                        1.45 BRL
  Liabilities:Cartao:SmilesBbPlatinum           -1.45 BRL
  origem_id: "despesa"

2025-01-30 * "PAYPAL *AIRALO 4029357733 SG"
  Expenses:Portugal202502                       30.84 BRL
  Liabilities:Cartao:SmilesBbPlatinum          -30.84 BRL
  origem_id: "despesa"

2025-01-30 * "Tress Mercado Camboinhas"
  Expenses:Mercado                              58.58 BRL
  Liabilities:Cartao:CartaoDeCreditoInter      -58.58 BRL
  origem_id: "despesa"

2025-01-30 * "SUPERMERCADO REAL NITE NITEROI BR"
  Expenses:Mercado                             544.26 BRL
  Liabilities:Cartao:SmilesBbPlatinum         -544.26 BRL
  origem_id: "despesa"

2025-01-31 * "TRESS MERCADO VAREJIST NITEROI BR"
  Expenses:Mercado                              15.46 BRL
  Liabilities:Cartao:SmilesBbPlatinum          -15.46 BRL
  origem_id: "despesa"

2025-01-31 * "Barbeiro"
  Expenses:EduardoCuidadosPessoais              30.00 BRL
  Assets:BR:BancoInter                         -30.00 BRL
  origem_id: "despesa"

2025-01-31 * "PIZZA DO RAO ITAIPU NITEROI BR"
  Expenses:BaresERestaurantes                  130.68 BRL
  Liabilities:Cartao:SmilesBbPlatinum         -130.68 BRL
  origem_id: "despesa"

2025-01-31 * "DROGARIA PRECO POPULAR NITEROI BR"
  Expenses:Medicamentos                        247.77 BRL
  Liabilities:Cartao:SmilesBbPlatinum         -247.77 BRL
  origem_id: "despesa"

2025-01-31 * "SUPERMERCADO REAL NITE NITEROI BR"
  Expenses:Mercado                             782.60 BRL
  Liabilities:Cartao:SmilesBbPlatinum         -782.60 BRL
  origem_id: "despesa"

2025-02-01 * "KOPENHAGEM ITAIPU NITEROI BR"
  Expenses:BaresERestaurantes                   14.40 BRL
  Liabilities:Cartao:SmilesBbPlatinum          -14.40 BRL
  origem_id: "despesa"

2025-02-01 * "BebetoRacoes NITEROI BR"
  Expenses:AnaCuidadosPessoais                  24.90 BRL
  Liabilities:Cartao:SmilesBbPlatinum          -24.90 BRL
  origem_id: "despesa"

2025-02-01 * "EXTRA HIPER-1804 NITEROI BR"
  Expenses:Mercado                              26.56 BRL
  Liabilities:Cartao:SmilesBbPlatinum          -26.56 BRL
  origem_id: "despesa"

2025-02-01 * "LOJAS AMERICANAS 879 SAO PAULO BR"
  Expenses:AnaCuidadosPessoais                  53.96 BRL
  Liabilities:Cartao:SmilesBbPlatinum          -53.96 BRL
  origem_id: "despesa"

2025-02-01 * "APOIASE*APOIAse Vario São Paulo"
  Expenses:EduardoCuidadosPessoais              55.00 BRL
  Liabilities:Cartao:Saraiva                   -55.00 BRL
  origem_id: "despesa"

2025-02-01 * "EXTRA HIPER-1804 NITEROI BR"
  Expenses:Mercado                             104.12 BRL
  Liabilities:Cartao:SmilesBbPlatinum         -104.12 BRL
  origem_id: "despesa"

2025-02-01 * "NABRASA NITEROI BR"
  Expenses:BaresERestaurantes                  125.50 BRL
  Liabilities:Cartao:SmilesBbPlatinum         -125.50 BRL
  origem_id: "despesa"

2025-02-01 * "Mesada Carol"
  Expenses:CarolCuidadosPessoais               210.00 BRL
  Assets:BR:BancoInter                        -210.00 BRL
  origem_id: "despesa"

2025-02-01 * "DROGARIA VENANCIO NITEROI BR"
  Expenses:Medicamentos                        218.78 BRL
  Liabilities:Cartao:SmilesBbPlatinum         -218.78 BRL
  origem_id: "despesa"

2025-02-01 * "Tratamento DTM Carol 5/10"
  Expenses:ProfissionaisSaude                  480.00 BRL
  Liabilities:Cartao:SmilesBbPlatinum         -480.00 BRL
  origem_id: "despesa"

2025-02-02 * "EXTRA HIPER-1804 NITEROI BR"
  Expenses:BaresERestaurantes                    6.49 BRL
  Liabilities:Cartao:SmilesBbPlatinum           -6.49 BRL
  origem_id: "despesa"

2025-02-02 * "BELLINE NITEROI BR"
  Expenses:BaresERestaurantes                    7.50 BRL
  Liabilities:Cartao:SmilesBbPlatinum           -7.50 BRL
  origem_id: "despesa"

2025-02-02 * "COMPAO ITAIPU NITEROI BR"
  Expenses:BaresERestaurantes                    8.00 BRL
  Liabilities:Cartao:SmilesBbPlatinum           -8.00 BRL
  origem_id: "despesa"

2025-02-02 * "AMOEDO ITAIPU NITEROI BR"
  Expenses:Portugal202502                       14.50 BRL
  Liabilities:Cartao:SmilesBbPlatinum          -14.50 BRL
  origem_id: "despesa"

2025-02-02 * "REBECA PORTO CAKE NITEROI BR"
  Expenses:BaresERestaurantes                   16.90 BRL
  Liabilities:Cartao:SmilesBbPlatinum          -16.90 BRL
  origem_id: "despesa"

2025-02-02 * "Baba forminhas 1/12"
  Expenses:FamiliaDadi                          19.73 BRL
  Liabilities:Cartao:SmilesBbPlatinum          -19.73 BRL
  origem_id: "despesa"

2025-02-02 * "BELLINE NITEROI BR"
  Expenses:BaresERestaurantes                   22.90 BRL
  Liabilities:Cartao:SmilesBbPlatinum          -22.90 BRL
  origem_id: "despesa"

2025-02-02 * "BENE GELATO NITEROI BR"
  Expenses:BaresERestaurantes                   25.00 BRL
  Liabilities:Cartao:SmilesBbPlatinum          -25.00 BRL
  origem_id: "despesa"

2025-02-02 * "EXTRA HIPER-1804 NITEROI BR"
  Expenses:Mercado                              25.71 BRL
  Liabilities:Cartao:SmilesBbPlatinum          -25.71 BRL
  origem_id: "despesa"

2025-02-02 * "MARY COOKS NITEROI BR"
  Expenses:BaresERestaurantes                   28.86 BRL
  Liabilities:Cartao:SmilesBbPlatinum          -28.86 BRL
  origem_id: "despesa"

2025-02-02 * "SPOLETO COMPACT ITAIPU NITEROI BR"
  Expenses:BaresERestaurantes                   32.90 BRL
  Liabilities:Cartao:SmilesBbPlatinum          -32.90 BRL
  origem_id: "despesa"

2025-02-02 * "MARY COOKS NITEROI BR"
  Expenses:BaresERestaurantes                   42.32 BRL
  Liabilities:Cartao:SmilesBbPlatinum          -42.32 BRL
  origem_id: "despesa"

2025-02-02 * "TRESS MERCADO VAREJIST NITEROI BR"
  Expenses:Mercado                              43.64 BRL
  Liabilities:Cartao:SmilesBbPlatinum          -43.64 BRL
  origem_id: "despesa"

2025-02-02 * "MARY COOKS NITEROI BR"
  Expenses:BaresERestaurantes                   79.99 BRL
  Liabilities:Cartao:SmilesBbPlatinum          -79.99 BRL
  origem_id: "despesa"

2025-02-02 * "TRESS MERCADO VAREJIST NITEROI BR"
  Expenses:Mercado                             120.75 BRL
  Liabilities:Cartao:SmilesBbPlatinum         -120.75 BRL
  origem_id: "despesa"

2025-02-02 * "Maquina lavar 2/10"
  Expenses:Mobilia                             196.68 BRL
  Liabilities:Cartao:SmilesBbPlatinum         -196.68 BRL
  origem_id: "despesa"

2025-02-03 * "IOF - COMPRA NO EXTERIOR"
  Expenses:Portugal202502                        1.25 BRL
  Liabilities:Cartao:SmilesBbPlatinum           -1.25 BRL
  origem_id: "despesa"

2025-02-03 * "EXTRA HIPER-1804 NITEROI BR"
  Expenses:Mercado                              33.59 BRL
  Liabilities:Cartao:SmilesBbPlatinum          -33.59 BRL
  origem_id: "despesa"

2025-02-03 * "MP*KARENFARIAS OSASCO BR"
  Expenses:AnaCuidadosPessoais                  70.00 BRL
  Liabilities:Cartao:SmilesBbPlatinum          -70.00 BRL
  origem_id: "despesa"

2025-02-03 * "Mostaro Carol"
  Expenses:CarolCuidadosPessoais                82.00 BRL
  Liabilities:Cartao:CartaoDeCreditoInter      -82.00 BRL
  origem_id: "despesa"

2025-02-03 * "Mesada Isabela"
  Expenses:AjudaBrunaIsabela                   100.00 BRL
  Assets:BR:BancoInter                        -100.00 BRL
  origem_id: "despesa"

2025-02-03 * "Ajuda mensal Nininha"
  Expenses:FamiliaDadi                         100.00 BRL
  Assets:BR:BancoInter                        -100.00 BRL
  origem_id: "despesa"

2025-02-03 * "Cesta básica Cristiane do jacaré"
  Expenses:Ofertas                             100.00 BRL
  Assets:BR:BancoInter                        -100.00 BRL
  origem_id: "despesa"

2025-02-03 * "Leste Telecom"
  Expenses:InternetTvCelulares                 129.99 BRL
  Assets:BR:BancoInter                        -129.99 BRL
  origem_id: "despesa"

2025-02-03 * "uBER VOLTA AEROPORTO"
  Expenses:Portugal202502                      132.78 BRL
  Liabilities:Cartao:Saraiva                  -132.78 BRL
  origem_id: "despesa"

2025-02-03 * "Ajuda plano saúde Luluca"
  Expenses:FamiliaDadi                         160.00 BRL
  Assets:BR:BancoInter                        -160.00 BRL
  origem_id: "despesa"

2025-02-03 * "Dízimo congruas + oferta alimentação projeto"
  Expenses:Dizimos                             240.00 BRL
  Assets:BR:BancoInter                        -240.00 BRL
  origem_id: "despesa"

2025-02-03 * "DROGARIA VENANCIO NITEROI BR"
  Expenses:Portugal202502                      249.82 BRL
  Liabilities:Cartao:SmilesBbPlatinum         -249.82 BRL
  origem_id: "despesa"

2025-02-03 * "Unimed Isabela"
  Expenses:AjudaBrunaIsabela                   250.00 BRL
  Assets:BR:BancoInter                        -250.00 BRL
  origem_id: "despesa"

2025-02-03 * "SUPERMERCADO REAL NITE NITEROI BR"
  Expenses:Mercado                             640.17 BRL
  Liabilities:Cartao:SmilesBbPlatinum         -640.17 BRL
  origem_id: "despesa"

2025-02-03 * "Luz"
  Expenses:Luz                                1222.75 BRL
  Assets:BR:BbCorrente                       -1222.75 BRL
  origem_id: "despesa"

2025-02-03 * "Dízimo"
  Expenses:Dizimos                            2200.00 BRL
  Assets:BR:BancoInter                       -2200.00 BRL
  origem_id: "despesa"

2025-02-04 * "STAR 127 GALEAO MEZAN RIO DE JANEIR BR"
  Expenses:Portugal202502                        9.90 BRL
  Liabilities:Cartao:SmilesBbPlatinum           -9.90 BRL
  origem_id: "despesa"

2025-02-04 * "Espaco Havonnan Camboinhas Comercio Ltda"
  Expenses:Portugal202502                       18.00 BRL
  Assets:BR:BancoInter                         -18.00 BRL
  origem_id: "despesa"

2025-02-04 * "JUICE*VCP*PIER*A PORTO ALEGRE BR"
  Expenses:Portugal202502                       24.00 BRL
  Liabilities:Cartao:SmilesBbPlatinum          -24.00 BRL
  origem_id: "despesa"

2025-02-04 * "Pós grad de Ana"
  Expenses:PsicologiaAna                        69.00 BRL
  Assets:BR:BbCorrente                         -69.00 BRL
  origem_id: "despesa"

2025-02-04 * "JUICE*VCP*PIER*A PORTO ALEGRE BR"
  Expenses:Portugal202502                       75.00 BRL
  Liabilities:Cartao:SmilesBbPlatinum          -75.00 BRL
  origem_id: "despesa"

2025-02-04 * "Estacionamento Mulitcenter"
  Expenses:PsicologiaAna                        82.50 BRL
  Assets:BR:BancoInter                         -82.50 BRL
  origem_id: "despesa"

2025-02-04 * "USE GAS NITEROI BR"
  Expenses:AjudaBrunaIsabela                   115.00 BRL
  Liabilities:Cartao:SmilesBbPlatinum         -115.00 BRL
  origem_id: "despesa"

2025-02-04 * "MERCADOLIVRE*YELLO OSASCO BR - caderno Bela"
  Expenses:AjudaBrunaIsabela                   157.97 BRL
  Liabilities:Cartao:SmilesBbPlatinum         -157.97 BRL
  origem_id: "despesa"

2025-02-04 * "UVA CArol"
  Expenses:EscolaCarol                         170.90 BRL
  Liabilities:Cartao:SmilesBbPlatinum         -170.90 BRL
  origem_id: "despesa"

2025-02-04 * "Mensalidade UVA Economia"
  Expenses:UniversidadeEduardo                 297.20 BRL
  Liabilities:Cartao:SmilesBbPlatinum         -297.20 BRL
  origem_id: "despesa"

2025-02-04 * "Terapia Carol"
  Expenses:ProfissionaisSaude                  350.00 BRL
  Assets:BR:BancoInter                        -350.00 BRL
  origem_id: "despesa"

2025-02-04 * "Mensalidade UVA contabilidade"
  Expenses:UniversidadeEduardo                 396.97 BRL
  Liabilities:Cartao:SmilesBbPlatinum         -396.97 BRL
  origem_id: "despesa"

2025-02-04 * "Terapias"
  Expenses:ProfissionaisSaude                  510.00 BRL
  Assets:BR:BancoInter                        -510.00 BRL
  origem_id: "despesa"

2025-02-06 * "Chatpdf R"
  Expenses:EduardoCuidadosPessoais              24.99 BRL
  Liabilities:Cartao:SmilesBbPlatinum          -24.99 BRL
  origem_id: "despesa"

2025-02-06 * "Joseedmilsond NISIA FLORES 3/3"
  Expenses:Natal                               100.00 BRL
  Liabilities:Cartao:SmilesBbPlatinum         -100.00 BRL
  origem_id: "despesa"

2025-02-07 * "IOF - COMPRA NO EXTERIOR"
  Expenses:Portugal202502                        0.84 BRL
  Liabilities:Cartao:SmilesBbPlatinum           -0.84 BRL
  origem_id: "despesa"

2025-02-08 * "DROGARIA PRECO POPULAR NITEROI BR"
  Expenses:AjudaBrunaIsabela                    71.85 BRL
  Liabilities:Cartao:SmilesBbPlatinum          -71.85 BRL
  origem_id: "despesa"

2025-02-10 * "Sem parar"
  Expenses:Semparar                             94.09 BRL
  Assets:BR:BbCorrente                         -94.09 BRL
  origem_id: "despesa"

2025-02-10 * "Conta de água"
  Expenses:Agua                                318.74 BRL
  Assets:BR:BbCorrente                        -318.74 BRL
  origem_id: "despesa"

2025-02-10 * "IPTU 2025"
  Expenses:Iptu                                474.72 BRL
  Assets:BR:BancoInter                        -474.72 BRL
  origem_id: "despesa"

2025-02-10 * "ISJBCOLEGIO S PARC 01/07 NITEROI 2/7"
  Expenses:AjudaBrunaIsabela                   752.25 BRL
  Liabilities:Cartao:SmilesBbPlatinum         -752.25 BRL
  origem_id: "despesa"

2025-02-11 * "Bruna Carvalho Fontes"
  Expenses:AjudaBrunaIsabela                   200.00 BRL
  Assets:BR:BancoInter                        -200.00 BRL
  origem_id: "despesa"

2025-02-11 * "Natal 5/6"
  Expenses:Natal                               656.36 BRL
  Liabilities:Cartao:SmilesBbPlatinum         -656.36 BRL
  origem_id: "despesa"

2025-02-11 * "Psicologia Ana"
  Expenses:PsicologiaAna                       783.64 BRL
  Assets:BR:BbCorrente                        -783.64 BRL
  origem_id: "despesa"

2025-02-12 * "SHOPEE *CHSOLUCOES COLOMBO BR"
  Expenses:AjudaBrunaIsabela                    64.70 BRL
  Liabilities:Cartao:SmilesBbPlatinum          -64.70 BRL
  origem_id: "despesa"

2025-02-13 * "Star plus + mercado livre"
  Expenses:CinemaEAluguelDeVideosEMusica        27.99 BRL
  Liabilities:Cartao:SmilesBbPlatinum          -27.99 BRL
  origem_id: "despesa"

2025-02-14 * "DL *GOOGLE YouTubePrem SAO PAULO BR"
  Expenses:AssinaturasEServicos                 13.90 BRL
  Liabilities:Cartao:SmilesBbPlatinum          -13.90 BRL
  origem_id: "despesa"

2025-02-15 * "Genera 7/9"
  Expenses:EduardoCuidadosPessoais              33.89 BRL
  Liabilities:Cartao:CartaoDeCreditoInter      -33.89 BRL
  origem_id: "despesa"

2025-02-15 * "Wine 8/12"
  Expenses:Mercado                             119.42 BRL
  Liabilities:Cartao:CartaoDeCreditoInter     -119.42 BRL
  origem_id: "despesa"

2025-02-16 * "Aliuguel carro"
  Expenses:Portugal202502                      871.72 BRL
  Liabilities:Cartao:MastercardC6Bank         -871.72 BRL
  origem_id: "despesa"

2025-02-17 * "Carol academia"
  Expenses:CarolCuidadosPessoais                59.00 BRL
  Assets:BR:BancoInter                         -59.00 BRL
  origem_id: "despesa"

2025-02-18 * "Spotify"
  Expenses:CinemaEAluguelDeVideosEMusica        34.90 BRL
  Liabilities:Cartao:CartaoDeCreditoInter      -34.90 BRL
  origem_id: "despesa"

2025-02-18 * "ANUIDADE DIFERENCIADA TIT-PARC 05/12"
  Expenses:Viagem                               48.00 BRL
  Liabilities:Cartao:SmilesBbPlatinum          -48.00 BRL
  origem_id: "despesa"

2025-02-18 * "Pix - Enviado - 18/02 12:13 Wise Brasil Corretora De C"
  Expenses:Portugal202502                     1817.32 BRL
  Assets:BR:BbCorrente                       -1817.32 BRL
  origem_id: "despesa"

2025-02-19 * "LABORATORIO M PARC 01/06 NITEROI 4/6"
  Expenses:ProfissionaisSaude                   99.87 BRL
  Liabilities:Cartao:SmilesBbPlatinum          -99.87 BRL
  origem_id: "despesa"

2025-02-19 * "Viagem 2024-02 8/10"
  Expenses:Portugal202502                      782.52 BRL
  Liabilities:Cartao:CartaoDeCreditoInter     -782.52 BRL
  origem_id: "despesa"

2025-02-20 * "TIM*maisbbb248m RIO DE JANEIR BR"
  Expenses:InternetTvCelulares                  43.37 BRL
  Liabilities:Cartao:Saraiva                   -43.37 BRL
  origem_id: "despesa"

2025-02-20 * "DROGARIA PRECO POPULAR NITEROI"
  Expenses:Medicamentos                         99.53 BRL
  Liabilities:Cartao:SmilesBbPlatinum          -99.53 BRL
  origem_id: "despesa"

2025-02-20 * "Ar condicionado 2/2"
  Expenses:Mobilia                             369.00 BRL
  Liabilities:Cartao:SmilesBbPlatinum         -369.00 BRL
  origem_id: "despesa"

2025-02-20 * "Ar condicionado 1/2"
  Expenses:Mobilia                            2499.00 BRL
  Liabilities:Cartao:SmilesBbPlatinum        -2499.00 BRL
  origem_id: "despesa"

2025-02-21 * "PAYPAL *AIRALO 4029357733"
  Expenses:Portugal202502                       26.96 BRL
  Liabilities:Cartao:SmilesBbPlatinum          -26.96 BRL
  origem_id: "despesa"

2025-02-21 * "Pix - Enviado - 21/02 14:55 Wise Brasil Corretora De C"
  Expenses:Portugal202502                     1519.71 BRL
  Assets:BR:BbCorrente                       -1519.71 BRL
  origem_id: "despesa"

2025-02-22 * "Apoio Jones Manuel"
  Expenses:EduardoCuidadosPessoais               4.99 BRL
  Liabilities:Cartao:SmilesBbPlatinum           -4.99 BRL
  origem_id: "despesa"

2025-02-22 * "ZeeNow Sao Paulo"
  Expenses:AnaCuidadosPessoais                  33.98 BRL
  Liabilities:Cartao:SmilesBbPlatinum          -33.98 BRL
  origem_id: "despesa"

2025-01-02 * "* Prov * Juros S/capital 32 Itsa4"
  Assets:BR:BancoInter                           0.64 BRL
  Income:Investimentos                          -0.64 BRL
  origem_id: "receita"

2025-01-02 * "Marcia Regina Alves De Carvalho"
  Assets:BR:BancoInter                          96.00 BRL
  Income:OutrasReceitas                        -96.00 BRL
  origem_id: "receita"

2025-01-02 * "Baba empréstimo 4/36"
  Assets:BR:BbCorrente                         464.04 BRL
  Income:Emprestimos                          -464.04 BRL
  origem_id: "receita"

2025-01-02 * "Ajuda de Custo Igreja"
  Assets:BR:BancoInter                        1636.19 BRL
  Income:AjudaDeCusto                        -1636.19 BRL
  origem_id: "receita"

2025-01-03 * "Carolina Carvalho De Carvalho"
  Assets:BR:BancoInter                          30.00 BRL
  Income:OutrasReceitas                        -30.00 BRL
  origem_id: "receita"

2025-01-08 * "PVBI11"
  Assets:BR:BancoInter                           5.50 BRL
  Income:Investimentos                          -5.50 BRL
  origem_id: "receita"

2025-01-09 * "* Prov * Juros S/capital 100 Abcb4"
  Assets:BR:BancoInter                          73.10 BRL
  Income:Investimentos                         -73.10 BRL
  origem_id: "receita"

2025-01-14 * "XPLG11 * 19"
  Assets:BR:BancoInter                          14.82 BRL
  Income:Investimentos                         -14.82 BRL
  origem_id: "receita"

2025-01-15 * "VISC11 x 10"
  Assets:BR:BancoInter                           8.00 BRL
  Income:Investimentos                          -8.00 BRL
  origem_id: "receita"

2025-01-15 * "HGLG11 x 10"
  Assets:BR:BancoInter                          12.10 BRL
  Income:Investimentos                         -12.10 BRL
  origem_id: "receita"

2025-01-15 * "VRTA11 * 20"
  Assets:BR:BancoInter                          17.00 BRL
  Income:Investimentos                         -17.00 BRL
  origem_id: "receita"

2025-01-15 * "MALL11 x 20"
  Assets:BR:BancoInter                          17.16 BRL
  Income:Investimentos                         -17.16 BRL
  origem_id: "receita"

2025-01-15 * "RECR11 * 24"
  Assets:BR:BancoInter                          24.85 BRL
  Income:Investimentos                         -24.85 BRL
  origem_id: "receita"

2025-01-15 * "HGRU x 30"
  Assets:BR:BancoInter                          57.00 BRL
  Income:Investimentos                         -57.00 BRL
  origem_id: "receita"

2025-01-15 * "* Prov * Juros S/capital 200 Tupy3"
  Assets:BR:BancoInter                         236.69 BRL
  Income:Investimentos                        -236.69 BRL
  origem_id: "receita"

2025-01-16 * "Bruna Carvalho Fontes"
  Assets:BR:BancoInter                        1200.00 BRL
  Income:OutrasReceitas                      -1200.00 BRL
  origem_id: "receita"

2025-01-17 * "IRDM11"
  Assets:BR:BancoInter                           9.30 BRL
  Income:Investimentos                          -9.30 BRL
  origem_id: "receita"

2025-01-20 * "MCCI11 x 10"
  Assets:BR:BancoInter                          16.00 BRL
  Income:Investimentos                         -16.00 BRL
  origem_id: "receita"

2025-01-22 * "BTLG11"
  Assets:BR:BancoInter                          10.41 BRL
  Income:Investimentos                         -10.41 BRL
  origem_id: "receita"

2025-01-24 * "ALZR11 x 20"
  Assets:BR:BancoInter                          20.94 BRL
  Income:Investimentos                         -20.94 BRL
  origem_id: "receita"

2025-01-24 * "XPML11 * 20"
  Assets:BR:BancoInter                          25.76 BRL
  Income:Investimentos                         -25.76 BRL
  origem_id: "receita"

2025-01-28 * "* Prov * Frações Itsa4"
  Assets:BR:BancoInter                           5.43 BRL
  Income:Investimentos                          -5.43 BRL
  origem_id: "receita"

2025-01-29 * "* Prov * Dividendos 100 Taee11"
  Assets:BR:BancoInter                          26.90 BRL
  Income:Investimentos                         -26.90 BRL
  origem_id: "receita"

2025-01-29 * "* Prov * Juros S/capital 100 Taee11"
  Assets:BR:BancoInter                          34.00 BRL
  Income:Investimentos                         -34.00 BRL
  origem_id: "receita"

2025-01-29 * "Ana Lucia Costa Carvalho De Carvalho"
  Assets:BR:BancoInter                         830.00 BRL
  Income:OutrasReceitas                       -830.00 BRL
  origem_id: "receita"

2025-01-30 * "Salário"
  Assets:BR:BbCorrente                       30042.41 BRL
  Income:Salario                            -30042.41 BRL
  origem_id: "receita"

2025-01-31 * "Baba empréstimo 5/36"
  Assets:BR:BbCorrente                         464.04 BRL
  Income:Emprestimos                          -464.04 BRL
  origem_id: "receita"

2025-02-03 * "Ajuda de Custo Igreja"
  Assets:BR:BancoInter                        1636.19 BRL
  Income:AjudaDeCusto                        -1636.19 BRL
  origem_id: "receita"

2025-02-03 * "Ferias igreja"
  Assets:BR:BancoInter                        2181.59 BRL
  Income:AjudaDeCusto                        -2181.59 BRL
  origem_id: "receita"

2025-02-07 * "PVBI11"
  Assets:BR:BancoInter                           5.50 BRL
  Income:Investimentos                          -5.50 BRL
  origem_id: "receita"

2025-02-07 * "* Prov * Juros S/capital 100 Egie3"
  Assets:BR:BancoInter                          26.04 BRL
  Income:Investimentos                         -26.04 BRL
  origem_id: "receita"

2025-02-11 * "Ana Lucia Costa Carvalho De Carvalho"
  Assets:BR:BancoInter                         200.00 BRL
  Income:OutrasReceitas                       -200.00 BRL
  origem_id: "receita"

2025-02-14 * "VISC11 x 10"
  Assets:BR:BancoInter                           8.00 BRL
  Income:Investimentos                          -8.00 BRL
  origem_id: "receita"

2025-02-14 * "HGLG11 x 10"
  Assets:BR:BancoInter                          12.10 BRL
  Income:Investimentos                         -12.10 BRL
  origem_id: "receita"

2025-02-14 * "XPLG11 * 19"
  Assets:BR:BancoInter                          15.58 BRL
  Income:Investimentos                         -15.58 BRL
  origem_id: "receita"

2025-02-14 * "VRTA11 * 20"
  Assets:BR:BancoInter                          17.00 BRL
  Income:Investimentos                         -17.00 BRL
  origem_id: "receita"

2025-02-14 * "MALL11 x 20"
  Assets:BR:BancoInter                          18.26 BRL
  Income:Investimentos                         -18.26 BRL
  origem_id: "receita"

2025-02-14 * "RECR11 * 24"
  Assets:BR:BancoInter                          24.65 BRL
  Income:Investimentos                         -24.65 BRL
  origem_id: "receita"

2025-02-14 * "HGRU x 30"
  Assets:BR:BancoInter                          27.00 BRL
  Income:Investimentos                         -27.00 BRL
  origem_id: "receita"

2025-02-18 * "IRDM11"
  Assets:BR:BancoInter                           7.50 BRL
  Income:Investimentos                          -7.50 BRL
  origem_id: "receita"

2025-02-19 * "MCCI11 x 10"
  Assets:BR:BancoInter                          18.00 BRL
  Income:Investimentos                         -18.00 BRL
  origem_id: "receita"

2025-02-20 * "* Prov * Rendimento 100 Petr4"
  Assets:BR:BancoInter                           0.88 BRL
  Income:Investimentos                          -0.88 BRL
  origem_id: "receita"

2025-02-20 * "* Prov * Juros S/capital 100 Petr4"
  Assets:BR:BancoInter                          56.45 BRL
  Income:Investimentos                         -56.45 BRL
  origem_id: "receita"
