; History Beancount - Auto-generated by organizze_v1.py
; DO NOT EDIT MANUALLY

2026-01-13 * "Transferencia"
  Assets:BR:BancoInter                     1200.00 BRL
  Assets:BR:C6Bank                         -1200.00 BRL
  origem_id: "985a89f1c4108fe0"

2026-01-14 * "Transferencia"
  Assets:BR:BancoInter                     9050.00 BRL
  Assets:BR:C6Bank                         -9050.00 BRL
  origem_id: "9f5c6344d648c4f1"

2026-01-14 * "Transferencia"
  Assets:BR:BancoInter                     18000.00 BRL
  Assets:BR:C6Bank                         -18000.00 BRL
  origem_id: "b96e17308dd7f8b5"

2026-01-17 * "Transferencia"
  Assets:BR:BancoInter                     2500.00 BRL
  Assets:BR:C6Bank                         -2500.00 BRL
  origem_id: "b78583a3b62fed45"

2026-01-21 * "Transferência"
  Assets:BR:BancoInter                     66.00 BRL
  Assets:BR:BbCorrente                     -66.00 BRL
  origem_id: "4fb56b4e3e7c72d8"

2026-01-24 * "Transferencia"
  Assets:BR:BancoInter                     15.00 BRL
  Assets:BR:BbCorrente                     -15.00 BRL
  origem_id: "00918b674c31a627"

2026-02-01 * "pagto cartão"
  Assets:BR:BbCorrente                     9815.00 BRL
  Assets:BR:C6Bank                         -9815.00 BRL
  origem_id: "0c11b33d27a7b8ac"

2026-02-02 * "Transferência"
  Assets:BR:BbCorrente                     4540.00 BRL
  Assets:BR:BancoInter                     -4540.00 BRL
  origem_id: "0e3a4e1c04f9ad2e"

2026-02-05 * "Pix enviado: 'Cp :31872495-Jose Eduardo Alves de Carvalho..."
  Assets:BR:BancoInter                     34.00 BRL
  Assets:BR:C6Bank                         -34.00 BRL
  origem_id: "8b6f5d1d5c62c171"

2026-02-13 * "Pix recebido: 'Cp :31872495-JOSE EDUARDO ALVES DE CARVALH..."
  Assets:BR:C6Bank                         300.00 BRL
  Assets:BR:BancoInter                     -300.00 BRL
  origem_id: "d6337ef2ee4374be"

2026-02-28 ! "Transferência"
  Assets:BR:BbCorrente                     3500.00 BRL
  Assets:BR:BancoInter                     -3500.00 BRL
  origem_id: "48c8e0b0ef98298f"

2026-02-28 ! "pagto cartão"
  Assets:BR:BbCorrente                     12000.00 BRL
  Assets:BR:C6Bank                         -12000.00 BRL
  origem_id: "91a7294ae64fe67b"

2026-01-01 * "ARMAZEM CAMBOINHAS     NITEROI       BRA,"
  Expenses:Mercado                              32.98 BRL
  Liabilities:Cartao:MastercardC6Bank          -32.98 BRL
  origem_id: "24ee5ec20dccc0e3"

2026-01-01 * "ARMAZEM CAMBOINHAS     NITEROI       BRA,"
  Expenses:Mercado                              39.99 BRL
  Liabilities:Cartao:MastercardC6Bank          -39.99 BRL
  origem_id: "cc36bb66fa949e4d"

2026-01-01 * "ARMAZEM CAMBOINHAS     NITEROI       BRA,"
  Expenses:Mercado                             127.04 BRL
  Liabilities:Cartao:MastercardC6Bank         -127.04 BRL
  origem_id: "a1291eeff16f844d"

2026-01-01 * "Cabides"
  Expenses:CasaCuidadosPessoais                 35.86 BRL
  Liabilities:Cartao:MastercardC6Bank          -35.86 BRL
  origem_id: "1e23060863dfe9bc"

2026-01-01 * "IMPERIO DAS BEBIDAS    Niteroi       BRA,"
  Expenses:BaresERestaurantes                  132.79 BRL
  Liabilities:Cartao:MastercardC6Bank         -132.79 BRL
  origem_id: "02f1883562e9c9ea"

2026-01-01 * "IOF compra internacional"
  Expenses:ImpostosETaxas                        9.73 BRL
  Liabilities:Cartao:MastercardC6Bank           -9.73 BRL
  origem_id: "7e5a59c0fa0eef52"

2026-01-01 * "SUPERMERCADO REAL NITE NITEROI       BRA,"
  Expenses:Mercado                             636.38 BRL
  Liabilities:Cartao:MastercardC6Bank         -636.38 BRL
  origem_id: "899e5d278672313a"

2026-01-01 * "SUPERMERCADO REAL NITE NITEROI       BRA,"
  Expenses:Mercado                             783.73 BRL
  Liabilities:Cartao:MastercardC6Bank         -783.73 BRL
  origem_id: "4978dd485be87644"

2026-01-01 * "UNINTER                CURITIBA      BRA,"
  Expenses:UniversidadeEduardo                  26.00 BRL
  Liabilities:Cartao:MastercardC6Bank          -26.00 BRL
  origem_id: "93a696cceb202485"

2026-01-01 * "USE GAS COMERCIO E TR  NITEROI       BRA, 24/12"
  Expenses:Mercado                             121.00 BRL
  Liabilities:Cartao:MastercardC6Bank         -121.00 BRL
  origem_id: "1d0039ef08644eb6"

2026-01-01 * "Uber UBER * PENDING    SAO PAULO     BRA,"
  Expenses:CarolCuidadosPessoais                36.99 BRL
  Liabilities:Cartao:MastercardC6Bank          -36.99 BRL
  origem_id: "15f9b3d2ffb49307"

2026-01-01 * "Uber UBER *TRIP HELP.U"
  Expenses:CarolCuidadosPessoais                22.80 BRL
  Liabilities:Cartao:CartaoDeCreditoInter      -22.80 BRL
  origem_id: "642bc833c1669330"

2026-01-01 * "VER PARA CRER COMERCIO NITEROI       BRA (24/12),"
  Expenses:AnaCuidadosPessoais                  99.80 BRL
  Liabilities:Cartao:MastercardC6Bank          -99.80 BRL
  origem_id: "0a49c0f880d9a8b6"

2026-01-02 * "02 de jan. 2026 Uber UBER *TRIP HELP.U - R"
  Expenses:CarolCuidadosPessoais                67.07 BRL
  Liabilities:Cartao:CartaoDeCreditoInter      -67.07 BRL
  origem_id: "48ef1fce9b1ac2fa"

2026-01-02 * "Ajuda mensal Nininha"
  Expenses:FamiliaDadi                         100.00 BRL
  Assets:BR:BancoInter                        -100.00 BRL
  origem_id: "4236c74aaabb6a51"

2026-01-02 * "Ajuda plano saúde Luluca"
  Expenses:FamiliaDadi                         160.00 BRL
  Assets:BR:BancoInter                        -160.00 BRL
  origem_id: "416406bcbb4545e5"

2026-01-02 * "Ajude custo Angélica"
  Expenses:Manutencoes                         400.00 BRL
  Assets:BR:BancoInter                        -400.00 BRL
  origem_id: "a92bd5d920db1a9d"

2026-01-02 * "Baba empréstimo 16/36"
  Assets:BR:BbCorrente                         484.04 BRL
  Income:Emprestimos                          -484.04 BRL
  origem_id: "1836cabf33de43a2"

2026-01-02 * "Baba forminhas 12/12"
  Expenses:FamiliaDadi                          19.73 BRL
  Liabilities:Cartao:SmilesBbPlatinum          -19.73 BRL
  origem_id: "76c0ad0c4b673e9e"

2026-01-02 * "Cesta básica Cristiane do jacaré"
  Expenses:Ofertas                             100.00 BRL
  Assets:BR:BancoInter                        -100.00 BRL
  origem_id: "05e86cfb7853f839"

2026-01-02 * "DROG ESPACO SAUDE      NITEROI       BRA,"
  Expenses:Medicamentos                        164.37 BRL
  Liabilities:Cartao:MastercardC6Bank         -164.37 BRL
  origem_id: "4e73b6dcb0520659"

2026-01-02 * "IOF DIAR ROT PF REF.12/25"
  Expenses:ImpostosETaxas                        0.06 BRL
  Liabilities:Cartao:SmilesBbPlatinum           -0.06 BRL
  origem_id: "4e9c18a9bd0e8c44"

2026-01-02 * "Leste Telecom"
  Expenses:InternetTvCelulares                  75.00 BRL
  Assets:BR:BancoInter                         -75.00 BRL
  origem_id: "8ceb64af8d086ff4"

2026-01-02 * "Luz"
  Expenses:Luz                                 911.13 BRL
  Assets:BR:BbCorrente                        -911.13 BRL
  origem_id: "1cc3a03e239a7d03"

2026-01-02 * "MERCADOLIVRE*11PRODUT"
  Expenses:Mercado                             306.69 BRL
  Liabilities:Cartao:MastercardC6Bank         -306.69 BRL
  origem_id: "aea115c475c20e0f"

2026-01-02 * "MERCADOLIVRE*MERCADOL  Rio de Janeir BRA,"
  Expenses:Mercado                              77.64 BRL
  Liabilities:Cartao:MastercardC6Bank          -77.64 BRL
  origem_id: "773b231f1bfab3de"

2026-01-02 * "Mesada Carol"
  Expenses:CarolCuidadosPessoais               250.00 BRL
  Assets:BR:BancoInter                        -250.00 BRL
  origem_id: "cbcd3896fab75a93"

2026-01-02 * "Mesada Isabela"
  Expenses:AjudaBrunaIsabela                   150.00 BRL
  Assets:BR:BancoInter                        -150.00 BRL
  origem_id: "64b760c27a4096a9"

2026-01-02 * "Márcio hospedagem Carol"
  Expenses:CarolCuidadosPessoais               130.00 BRL
  Assets:BR:BancoInter                        -130.00 BRL
  origem_id: "1bbd66b9f28940bc"

2026-01-02 * "Poltrona papai 8/10"
  Expenses:FamiliaDadi                         129.98 BRL
  Liabilities:Cartao:SmilesBbPlatinum         -129.98 BRL
  origem_id: "4acb386a96139a30"

2026-01-02 * "Sandro - jardim"
  Expenses:Manutencoes                         200.00 BRL
  Assets:BR:BancoInter                        -200.00 BRL
  origem_id: "ebc57f427910b719"

2026-01-02 * "Seguro carro 1/10"
  Expenses:Seguro                              108.61 BRL
  Assets:BR:BbCorrente                        -108.61 BRL
  origem_id: "43ab3844a17b2585"

2026-01-02 * "Terapia Carol"
  Expenses:ProfissionaisSaude                  700.00 BRL
  Assets:BR:BancoInter                        -700.00 BRL
  origem_id: "1b84c8e657d668f1"

2026-01-02 * "Unimed Isabela"
  Expenses:AjudaBrunaIsabela                   250.00 BRL
  Assets:BR:BancoInter                        -250.00 BRL
  origem_id: "eeca6e014cb1fe47"

2026-01-02 * "Wellhub Gympass BR GympSao Paulo"
  Expenses:AnaCuidadosPessoais                  59.90 BRL
  Liabilities:Cartao:SmilesBbPlatinum          -59.90 BRL
  origem_id: "466387edf729ff54"

2026-01-02 * "Wellhub Gympass BR GympSao Paulo (Carol)"
  Expenses:CarolCuidadosPessoais                59.90 BRL
  Liabilities:Cartao:SmilesBbPlatinum          -59.90 BRL
  origem_id: "37d2a988e48dcee3"

2026-01-03 * "ARMAZEM CAMBOINHAS     NITEROI       BRA,"
  Expenses:Mercado                              53.85 BRL
  Liabilities:Cartao:MastercardC6Bank          -53.85 BRL
  origem_id: "c15ac3e2f1bfe1cb"

2026-01-03 * "LATAM AIR              SAO PAULO     BRA, 2/4"
  Expenses:Portugal202606                     3222.48 BRL
  Liabilities:Cartao:MastercardC6Bank        -3222.48 BRL
  origem_id: "6b39dd563c66f133"

2026-01-03 * "Lixeira banheiro"
  Expenses:Mobilia                              54.47 BRL
  Liabilities:Cartao:MastercardC6Bank          -54.47 BRL
  origem_id: "f20d443230d53471"

2026-01-03 * "PROMETHEASE.COM DNA    POTOMAC       USA,"
  Expenses:EduardoCuidadosPessoais              86.86 BRL
  Liabilities:Cartao:MastercardC6Bank          -86.86 BRL
  origem_id: "e861d5366373de53"

2026-01-03 * "Smartwatche 4/12"
  Expenses:EduardoCuidadosPessoais              60.75 BRL
  Liabilities:Cartao:MastercardC6Bank          -60.75 BRL
  origem_id: "b0aa6cd1b5acd3ed"

2026-01-04 * "ARMAZEM CAMBOINHAS     NITEROI       BRA,"
  Expenses:Mercado                              81.14 BRL
  Liabilities:Cartao:MastercardC6Bank          -81.14 BRL
  origem_id: "649de14e3b98f0e6"

2026-01-04 * "Ipucenter              NITEROI       BRA,"
  Expenses:AnaCuidadosPessoais                  41.58 BRL
  Liabilities:Cartao:MastercardC6Bank          -41.58 BRL
  origem_id: "c104666b2c8651f1"

2026-01-04 * "MAIS 1 BAR - PIRATININ NITEROI       BRA,"
  Expenses:BaresERestaurantes                  175.89 BRL
  Liabilities:Cartao:MastercardC6Bank         -175.89 BRL
  origem_id: "6b2055b1f201990c"

2026-01-04 * "MARKET POINT"
  Expenses:CarolCuidadosPessoais                 8.99 BRL
  Liabilities:Cartao:CartaoDeCreditoInter       -8.99 BRL
  origem_id: "ffe0ec41be27ba18"

2026-01-04 * "makeheadway            Nicosia       CYP,"
  Expenses:EduardoCuidadosPessoais             115.75 BRL
  Liabilities:Cartao:MastercardC6Bank         -115.75 BRL
  origem_id: "3a503d8709e87739"

2026-01-05 * "05 de jan. 2026 IFD*AMERICANAS SA EM R - R"
  Expenses:BaresERestaurantes                   14.59 BRL
  Liabilities:Cartao:CartaoDeCreditoInter      -14.59 BRL
  origem_id: "8f7645e0bb0a8cb5"

2026-01-06 * "POSTO TREVO DE PIRATI  NITEROI       BRA,"
  Expenses:Gasolina                            100.00 BRL
  Liabilities:Cartao:MastercardC6Bank         -100.00 BRL
  origem_id: "aabbf0ac667d93bc"

2026-01-06 * "SUPERMERCADO REAL NITE NITEROI       BRA,"
  Expenses:Mercado                             462.39 BRL
  Liabilities:Cartao:MastercardC6Bank         -462.39 BRL
  origem_id: "c718d7100d491f03"

2026-01-07 * "AMAZON BR              SAO PAULO     BRA,"
  Expenses:CarolCuidadosPessoais                67.90 BRL
  Liabilities:Cartao:MastercardC6Bank          -67.90 BRL
  origem_id: "dc8a16bb0ef3bf9b"

2026-01-07 * "ARMAZEM CAMBOINHAS     NITEROI       BRA,"
  Expenses:Mercado                             130.56 BRL
  Liabilities:Cartao:MastercardC6Bank         -130.56 BRL
  origem_id: "7d57a0e2cd1e2dc7"

2026-01-07 * "EBN*CANVA0475"
  Expenses:CarolCuidadosPessoais                 4.90 BRL
  Liabilities:Cartao:CartaoDeCreditoInter       -4.90 BRL
  origem_id: "50f479ee2c40c660"

2026-01-07 * "IFD*iFood OSASCO"
  Expenses:BaresERestaurantes                  145.91 BRL
  Liabilities:Cartao:SmilesBbPlatinum         -145.91 BRL
  origem_id: "aae180c8c26f41ee"

2026-01-07 * "Pix enviado: 'Cp :00394460-FUNDACAO BIBLIOTECA NACIONAL F..."
  Expenses:EduardoCuidadosPessoais              40.00 BRL
  Assets:BR:BancoInter                         -40.00 BRL
  origem_id: "c259db33200dda78"

2026-01-08 * "08 de jan. 2026 EC *MELIMAIS - R"
  Expenses:CinemaEAluguelDeVideosEMusica        19.90 BRL
  Liabilities:Cartao:CartaoDeCreditoInter      -19.90 BRL
  origem_id: "feae163091737d8e"

2026-01-08 * "ARMAZEM CAMBOINHAS     NITEROI       BRA,"
  Expenses:Mercado                             103.24 BRL
  Liabilities:Cartao:MastercardC6Bank         -103.24 BRL
  origem_id: "41aa167ea2ab3103"

2026-01-08 * "Conta de água"
  Expenses:Agua                                340.80 BRL
  Assets:BR:BbCorrente                        -340.80 BRL
  origem_id: "e72a559ce982480e"

2026-01-08 * "LIVELO                 SANTANA DE PA BRA, 1/10"
  Expenses:CarolCuidadosPessoais               400.89 BRL
  Liabilities:Cartao:MastercardC6Bank         -400.89 BRL
  origem_id: "07415538d04c6b46"

2026-01-08 * "MERCADOLIVRE*5PRODUTOS SAO PAULO     BRA,"
  Expenses:EduardoCuidadosPessoais             440.56 BRL
  Liabilities:Cartao:MastercardC6Bank         -440.56 BRL
  origem_id: "5dbedff1ac9951b8"

2026-01-08 * "PVBI11"
  Assets:BR:BancoInter                           4.50 BRL
  Income:Investimentos                          -4.50 BRL
  origem_id: "8e285b05b69bdb77"

2026-01-09 * "Acendedores fogão"
  Expenses:Mobilia                              29.80 BRL
  Liabilities:Cartao:MastercardC6Bank          -29.80 BRL
  origem_id: "e78a78fd58ea590c"

2026-01-09 * "DL*GOOGLE Apple SAO PAULO (Apple tv"
  Expenses:CinemaEAluguelDeVideosEMusica        21.90 BRL
  Liabilities:Cartao:SmilesBbPlatinum          -21.90 BRL
  origem_id: "c9411ef41d8f7d97"

2026-01-09 * "DROGARIA VENANCIO      NITEROI       BRA,"
  Expenses:Mercado                             264.96 BRL
  Liabilities:Cartao:MastercardC6Bank         -264.96 BRL
  origem_id: "4c038aa8d5e2af8e"

2026-01-09 * "DROGARIA VENANCIO      NITEROI       BRA,"
  Expenses:Medicamentos                         91.86 BRL
  Liabilities:Cartao:MastercardC6Bank          -91.86 BRL
  origem_id: "e0a3d59de13526d9"

2026-01-09 * "FRIEND'S LAVA JATO"
  Expenses:ManutencaoCarro                      70.00 BRL
  Liabilities:Cartao:MastercardC6Bank          -70.00 BRL
  origem_id: "17f02bb7534e8d11"

2026-01-09 * "UBER * PENDING SAO PAULO"
  Expenses:AnaCuidadosPessoais                  21.99 BRL
  Liabilities:Cartao:SmilesBbPlatinum          -21.99 BRL
  origem_id: "9db5ed2ce70b8494"

2026-01-10 * "ARMAZEM CAMBOINHAS     NITEROI       BRA,"
  Expenses:Mercado                              37.16 BRL
  Liabilities:Cartao:MastercardC6Bank          -37.16 BRL
  origem_id: "42d2b3b497f0044d"

2026-01-10 * "Ar condicionado escritorio 5/12"
  Expenses:Mobilia                             156.57 BRL
  Liabilities:Cartao:CartaoDeCreditoInter     -156.57 BRL
  origem_id: "f92861faeb2e1a00"

2026-01-10 * "DELIVERY TGN"
  Expenses:CarolCuidadosPessoais                35.00 BRL
  Liabilities:Cartao:CartaoDeCreditoInter      -35.00 BRL
  origem_id: "4ab5e03da00fd8de"

2026-01-10 * "Google armazenamento e gemini"
  Expenses:CasaCuidadosPessoais                 96.99 BRL
  Liabilities:Cartao:SmilesBbPlatinum          -96.99 BRL
  origem_id: "5c8bc625a3449dea"

2026-01-10 * "MERCADOLIVRE*2PRODUTO  So Paulo      BRA,"
  Expenses:EduardoCuidadosPessoais              47.23 BRL
  Liabilities:Cartao:MastercardC6Bank          -47.23 BRL
  origem_id: "b5654108b088193e"

2026-01-10 * "MERCADOLIVRE*STARK     RIBEIRAO PRET BRA,"
  Expenses:EduardoCuidadosPessoais              29.90 BRL
  Liabilities:Cartao:MastercardC6Bank          -29.90 BRL
  origem_id: "b31fc3a37e3d2574"

2026-01-10 * "MP *ANDREBANCA"
  Expenses:CarolCuidadosPessoais                 2.12 BRL
  Liabilities:Cartao:CartaoDeCreditoInter       -2.12 BRL
  origem_id: "2cad12f66fa0ce2f"

2026-01-10 * "POPULAR ITAIPU         NITEROI       BRA,"
  Expenses:Medicamentos                         68.62 BRL
  Liabilities:Cartao:MastercardC6Bank          -68.62 BRL
  origem_id: "0baaa4d4ad5fa41f"

2026-01-10 * "SUPERMERCADO REAL NITE NITEROI       BRA,"
  Expenses:Mercado                             360.37 BRL
  Liabilities:Cartao:MastercardC6Bank         -360.37 BRL
  origem_id: "5e9f61c6aa533a2e"

2026-01-11 * "ALLPARK EMPREENDIMENTO Niteroi       BRA,"
  Expenses:Saude                                40.00 BRL
  Liabilities:Cartao:MastercardC6Bank          -40.00 BRL
  origem_id: "7263a57f6490f0d2"

2026-01-11 * "DROGARIA CRISTAL       NITEROI       BRA,"
  Expenses:Medicamentos                         22.94 BRL
  Liabilities:Cartao:MastercardC6Bank          -22.94 BRL
  origem_id: "786093b15c5d7587"

2026-01-11 * "KOPENHAGEM ITAIPU      NITEROI       BRA,"
  Expenses:Presentes                            36.90 BRL
  Liabilities:Cartao:MastercardC6Bank          -36.90 BRL
  origem_id: "0557596e652cadb8"

2026-01-11 * "MAIS 1 BAR - PIRATININ NITEROI       BRA,"
  Expenses:BaresERestaurantes                   43.44 BRL
  Liabilities:Cartao:MastercardC6Bank          -43.44 BRL
  origem_id: "91e84ded1556cb11"

2026-01-11 * "Q. CHOPP BRAHMA 2      NITEROI       BRA,"
  Expenses:BaresERestaurantes                   14.19 BRL
  Liabilities:Cartao:MastercardC6Bank          -14.19 BRL
  origem_id: "2e577304a2186e9a"

2026-01-11 * "Uber UBER * PENDING    SAO PAULO     BRA,"
  Expenses:EduardoCuidadosPessoais              68.99 BRL
  Liabilities:Cartao:MastercardC6Bank          -68.99 BRL
  origem_id: "d0ec407b6fbe388d"

2026-01-12 * "ATELIE SGC NITEROI FOR RIO DE JANEIR BRA,"
  Expenses:Saude                                25.00 BRL
  Liabilities:Cartao:MastercardC6Bank          -25.00 BRL
  origem_id: "6b587b9aca842a61"

2026-01-12 * "ATELIE SGC NITEROI FOR RIO DE JANEIR BRA,"
  Expenses:Saude                                 9.00 BRL
  Liabilities:Cartao:MastercardC6Bank           -9.00 BRL
  origem_id: "ee29e56b6d1a83b4"

2026-01-12 * "ATELIE SGC NITEROI FOR RIO DE JANEIR BRA,"
  Expenses:Saude                                81.00 BRL
  Liabilities:Cartao:MastercardC6Bank          -81.00 BRL
  origem_id: "383a2f149823ad81"

2026-01-12 * "ATELIE SGC NITEROI FOR RIO DE JANEIR BRA,"
  Expenses:Saude                                27.00 BRL
  Liabilities:Cartao:MastercardC6Bank          -27.00 BRL
  origem_id: "02fb9381738c5cef"

2026-01-12 * "Escola Bela parte"
  Expenses:AjudaBrunaIsabela                   834.00 BRL
  Assets:BR:BancoInter                        -834.00 BRL
  origem_id: "2155393381ba1941"

2026-01-12 * "IFD*FALHEIRO MONTEIRO"
  Expenses:CarolCuidadosPessoais                41.99 BRL
  Liabilities:Cartao:CartaoDeCreditoInter      -41.99 BRL
  origem_id: "a9eb8df6125aae57"

2026-01-12 * "Imposto: '* PROV * IOF TD LFT' IR/IOF - Tesouro direto"
  Expenses:ImpostosETaxas                        1.37 BRL
  Assets:BR:BancoInter                          -1.37 BRL
  origem_id: "94939730b9aad60c"

2026-01-12 * "Imposto: '* PROV * IRRF LFT' IR/IOF - Tesouro direto"
  Expenses:ImpostosETaxas                        1.34 BRL
  Assets:BR:BancoInter                          -1.34 BRL
  origem_id: "affd8489d543e19a"

2026-01-12 * "Imposto: '* PROV * IRRF LFT' IR/IOF - Tesouro direto"
  Expenses:ImpostosETaxas                        0.21 BRL
  Assets:BR:BancoInter                          -0.21 BRL
  origem_id: "291e76d072409df8"

2026-01-12 * "MARIANAMOREIRAODE      Niteroi       BRA,"
  Expenses:ProfissionaisSaude                 3441.81 BRL
  Liabilities:Cartao:MastercardC6Bank        -3441.81 BRL
  origem_id: "a36c540c2669dfae"

2026-01-12 * "Sem parar"
  Expenses:Semparar                            313.86 BRL
  Assets:BR:BbCorrente                        -313.86 BRL
  origem_id: "c602753f4f2270ca"

2026-01-12 * "Uber UBER * PENDING    SAO PAULO     BRA,"
  Expenses:AjudaBrunaIsabela                    39.99 BRL
  Liabilities:Cartao:MastercardC6Bank          -39.99 BRL
  origem_id: "92eff792678bf577"

2026-01-13 * "ATELIE SGC NITEROI FOR RIO DE JANEIR BRA,"
  Expenses:Saude                                25.00 BRL
  Liabilities:Cartao:MastercardC6Bank          -25.00 BRL
  origem_id: "fc07335eaf781cf1"

2026-01-13 * "ATELIE SGC NITEROI FOR RIO DE JANEIR BRA,"
  Expenses:Saude                                66.00 BRL
  Liabilities:Cartao:MastercardC6Bank          -66.00 BRL
  origem_id: "d96b31999182ca3d"

2026-01-13 * "ATELIE SGC NITEROI FOR RIO DE JANEIR BRA,"
  Expenses:Saude                                25.00 BRL
  Liabilities:Cartao:MastercardC6Bank          -25.00 BRL
  origem_id: "fc07335eaf781cf1"

2026-01-13 * "DROGARIA CRISTAL       NITEROI       BRA,"
  Expenses:Medicamentos                         60.91 BRL
  Liabilities:Cartao:MastercardC6Bank          -60.91 BRL
  origem_id: "f174db186e4ba0d8"

2026-01-13 * "MERCADOLIVRE*MERCADOL  ARARAS        BRA,"
  Expenses:Mercado                              44.70 BRL
  Liabilities:Cartao:MastercardC6Bank          -44.70 BRL
  origem_id: "b30c2632b15ca3d9"

2026-01-13 * "SUPERMERCADO REAL NITE"
  Expenses:Mercado                             624.60 BRL
  Liabilities:Cartao:CartaoDeCreditoInter     -624.60 BRL
  origem_id: "0612dd2998797346"

2026-01-13 * "UBER UBER *TRIP HELP.U"
  Expenses:Saude                                35.99 BRL
  Liabilities:Cartao:MastercardC6Bank          -35.99 BRL
  origem_id: "59e90bd6a36875eb"

2026-01-13 * "Uber UBER * PENDING    SAO PAULO     BRA,"
  Expenses:Saude                                53.98 BRL
  Liabilities:Cartao:MastercardC6Bank          -53.98 BRL
  origem_id: "a2ea69a0f69341ea"

2026-01-14 * "ARMAZEM CAMBOINHAS     NITEROI       BRA,"
  Expenses:Mercado                              20.09 BRL
  Liabilities:Cartao:MastercardC6Bank          -20.09 BRL
  origem_id: "76ac02b9d8946498"

2026-01-14 * "Credito Evento B3: '* PROV * FRACOES IRIM15' * Prov * Fra..."
  Assets:BR:BancoInter                          57.57 BRL
  Income:Investimentos                         -57.57 BRL
  origem_id: "fe2b156df33a7c06"

2026-01-14 * "DROGARIA VENANCIO      NITEROI       BRA,"
  Expenses:Saude                               486.50 BRL
  Liabilities:Cartao:MastercardC6Bank         -486.50 BRL
  origem_id: "bc9f4bd10b72f6dd"

2026-01-14 * "Debito B3: 'IRRF' Irrf"
  Expenses:ImpostosETaxas                        1.37 BRL
  Assets:BR:BancoInter                          -1.37 BRL
  origem_id: "54573812fd7eff03"

2026-01-14 * "MP *STAFMEDCOMERC      NITEROI       BRA,"
  Expenses:Saude                               200.00 BRL
  Liabilities:Cartao:MastercardC6Bank         -200.00 BRL
  origem_id: "148784c41eb404bc"

2026-01-14 * "OPENAI *CHATGPT SUBSCR SAN FRANCISCO USA,"
  Expenses:EduardoCuidadosPessoais              41.98 BRL
  Liabilities:Cartao:MastercardC6Bank          -41.98 BRL
  origem_id: "5d8efa200dfee9ad"

2026-01-14 * "Pix enviado: '00019 175219435 ANA CARVALHO' Ana Lucia Cos..."
  Expenses:AnaCuidadosPessoais                 200.00 BRL
  Assets:BR:BancoInter                        -200.00 BRL
  origem_id: "17551c8b3084c37c"

2026-01-15 * "15/03 Wellhub Gympass BR GympSao Paulo BR R (bubu)"
  Expenses:AjudaBrunaIsabela                    59.90 BRL
  Liabilities:Cartao:SmilesBbPlatinum          -59.90 BRL
  origem_id: "a34cefe638a5ac79"

2026-01-15 * "DROG ESPACO SAUDE      NITEROI       BRA,"
  Expenses:Medicamentos                         56.83 BRL
  Liabilities:Cartao:MastercardC6Bank          -56.83 BRL
  origem_id: "9fea5e8353be7683"

2026-01-15 * "FARMACIA CAMBOINHAS    NITEROI       BRA,"
  Expenses:Medicamentos                         40.95 BRL
  Liabilities:Cartao:MastercardC6Bank          -40.95 BRL
  origem_id: "224f8e6b3fe7d6c2"

2026-01-15 * "FEITICOS DA SOGRA      NITEROI       BRA,"
  Expenses:BaresERestaurantes                  164.00 BRL
  Liabilities:Cartao:MastercardC6Bank         -164.00 BRL
  origem_id: "a532fdf03ed5ee82"

2026-01-15 * "HGLG11 x 10"
  Assets:BR:BancoInter                          12.10 BRL
  Income:Investimentos                         -12.10 BRL
  origem_id: "590fe3502e35813e"

2026-01-15 * "HGRU x 30"
  Assets:BR:BancoInter                          43.50 BRL
  Income:Investimentos                         -43.50 BRL
  origem_id: "92e5321219b8854d"

2026-01-15 * "PMLL11 x 22"
  Assets:BR:BancoInter                          18.92 BRL
  Income:Investimentos                         -18.92 BRL
  origem_id: "cc3c59434659dca2"

2026-01-15 * "RECR11 * 24"
  Assets:BR:BancoInter                          19.44 BRL
  Income:Investimentos                         -19.44 BRL
  origem_id: "bd4b992406e378b9"

2026-01-15 * "SMILES CLUBE SMILES"
  Expenses:Viagem                               42.00 BRL
  Liabilities:Cartao:MastercardC6Bank          -42.00 BRL
  origem_id: "f53c5405da89ac66"

2026-01-15 * "VISC11 x 10"
  Assets:BR:BancoInter                           8.10 BRL
  Income:Investimentos                          -8.10 BRL
  origem_id: "dc535504c6946d3f"

2026-01-15 * "VRTA11 * 20"
  Assets:BR:BancoInter                          17.00 BRL
  Income:Investimentos                         -17.00 BRL
  origem_id: "819dce287fe7dee3"

2026-01-15 * "XPLG11 * 19"
  Assets:BR:BancoInter                          15.58 BRL
  Income:Investimentos                         -15.58 BRL
  origem_id: "d2b9dca34db7eb20"

2026-01-15 * "iFood Osasco"
  Expenses:BaresERestaurantes                   12.90 BRL
  Liabilities:Cartao:SmilesBbPlatinum          -12.90 BRL
  origem_id: "c5f30472da0579b7"

2026-01-16 * "AMAZON BR              SAO PAULO     BRA,"
  Expenses:CarolCuidadosPessoais                48.23 BRL
  Liabilities:Cartao:MastercardC6Bank          -48.23 BRL
  origem_id: "9df170ff8c1480b5"

2026-01-16 * "ARMAZEM CAMBOINHAS     NITEROI       BRA,"
  Expenses:Mercado                             101.61 BRL
  Liabilities:Cartao:MastercardC6Bank         -101.61 BRL
  origem_id: "efa78bbf8d70ffbb"

2026-01-16 * "Debito B3: 'IRRF' Irrf"
  Expenses:ImpostosETaxas                        0.13 BRL
  Assets:BR:BancoInter                          -0.13 BRL
  origem_id: "2609cdc9815b511a"

2026-01-16 * "IFD*FALHEIRO MONTEIRO"
  Expenses:BaresERestaurantes                   90.39 BRL
  Liabilities:Cartao:CartaoDeCreditoInter      -90.39 BRL
  origem_id: "c38122dbafe128c3"

2026-01-16 * "MEGA LIMITED           SALAMANCA     ESP,"
  Expenses:CasaCuidadosPessoais                 33.43 BRL
  Liabilities:Cartao:MastercardC6Bank          -33.43 BRL
  origem_id: "1bc78372274ae48c"

2026-01-17 * "17 de jan. 2026 IFD*RAIZ VEGANA CONGEL - R"
  Expenses:Mercado                              61.98 BRL
  Liabilities:Cartao:CartaoDeCreditoInter      -61.98 BRL
  origem_id: "3b0464a9d48d3fb5"

2026-01-17 * "ARMAZEM CAMBOINHAS     NITEROI       BRA,"
  Expenses:Mercado                             102.66 BRL
  Liabilities:Cartao:MastercardC6Bank         -102.66 BRL
  origem_id: "003b557eef09255f"

2026-01-17 * "DROG ESPACO SAUDE      NITEROI       BRA,"
  Expenses:Medicamentos                         48.67 BRL
  Liabilities:Cartao:MastercardC6Bank          -48.67 BRL
  origem_id: "22c61bee6b75a2ff"

2026-01-17 * "FARMACIA CAMBOINHAS    NITEROI       BRA,"
  Expenses:Medicamentos                         39.99 BRL
  Liabilities:Cartao:MastercardC6Bank          -39.99 BRL
  origem_id: "2e2b5ce760ee51c1"

2026-01-17 * "Pix enviado: 'Cp :22896431-Angelica Mariano da Silva' Ang..."
  Expenses:Manutencoes                         200.00 BRL
  Assets:BR:BancoInter                        -200.00 BRL
  origem_id: "85fdfc77bcf3bd03"

2026-01-18 * "ARMAZEM CAMBOINHAS"
  Expenses:Mercado                             181.58 BRL
  Liabilities:Cartao:MastercardC6Bank         -181.58 BRL
  origem_id: "c32c9dfbd5a008e0"

2026-01-18 * "EBN SPOTIFY            CURITIBA      BRA"
  Expenses:CinemaEAluguelDeVideosEMusica        40.90 BRL
  Liabilities:Cartao:CartaoDeCreditoInter      -40.90 BRL
  origem_id: "62a374b114a1491d"

2026-01-18 * "IFD*FALHEIRO MONTEIRO"
  Expenses:BaresERestaurantes                  130.89 BRL
  Liabilities:Cartao:CartaoDeCreditoInter     -130.89 BRL
  origem_id: "36f52235fdac5380"

2026-01-18 * "Pix enviado: 'Cp :90400888-SHPP BRASIL INSTITUICAO DE PAG..."
  Expenses:EduardoCuidadosPessoais              99.96 BRL
  Assets:BR:BancoInter                         -99.96 BRL
  origem_id: "2020907548e2c91d"

2026-01-18 * "Uber UBER * PENDING    SAO PAULO     BRA,"
  Expenses:AjudaBrunaIsabela                    50.98 BRL
  Liabilities:Cartao:MastercardC6Bank          -50.98 BRL
  origem_id: "551a247d806da202"

2026-01-19 * "Amazon Digital BR      SAO PAULO     BRA,"
  Expenses:Livros                               16.76 BRL
  Liabilities:Cartao:MastercardC6Bank          -16.76 BRL
  origem_id: "fd7148cfa5e79a7f"

2026-01-19 * "Credito Evento B3: '* PROV * JUROS S/CAPITAL 200 CPLE3' *..."
  Assets:BR:BancoInter                          62.96 BRL
  Income:Investimentos                         -62.96 BRL
  origem_id: "4d9e713bbacb8d72"

2026-01-19 * "Pix enviado: 'Cp :00000000-Claudio Muniz Haddad' Claudio ..."
  Expenses:EduardoCuidadosPessoais             250.00 BRL
  Assets:BR:BancoInter                        -250.00 BRL
  origem_id: "f57d492e5c1885d7"

2026-01-19 * "UBER * PENDING SAO PAULO"
  Expenses:AnaCuidadosPessoais                  19.93 BRL
  Liabilities:Cartao:SmilesBbPlatinum          -19.93 BRL
  origem_id: "c46c444ca54fd3d4"

2026-01-20 * "SUPERMERCADO REAL NITE NITEROI       BRA,"
  Expenses:Mercado                             629.39 BRL
  Liabilities:Cartao:MastercardC6Bank         -629.39 BRL
  origem_id: "de17a31caa40d03c"

2026-01-20 * "TIM*maisbbb248m RIO DE JANEIR BR"
  Expenses:InternetTvCelulares                  47.75 BRL
  Liabilities:Cartao:Saraiva                   -47.75 BRL
  origem_id: "b02f430575e1871c"

2026-01-20 * "Tablet 5/10"
  Expenses:EduardoCuidadosPessoais              94.90 BRL
  Liabilities:Cartao:SmilesBbPlatinum          -94.90 BRL
  origem_id: "9b84baf96708f4ca"

2026-01-20 * "Uber UBER * PENDING"
  Expenses:CarolCuidadosPessoais                 7.46 BRL
  Liabilities:Cartao:CartaoDeCreditoInter       -7.46 BRL
  origem_id: "fa9c1530b5397a0c"

2026-01-20 * "Uber UBER * PENDING"
  Expenses:CarolCuidadosPessoais                10.45 BRL
  Liabilities:Cartao:CartaoDeCreditoInter      -10.45 BRL
  origem_id: "014850609b27f665"

2026-01-20 ! "Zee Now *Zee"
  Expenses:AjudaBrunaIsabela                   117.97 BRL
  Liabilities:Cartao:SmilesBbPlatinum         -117.97 BRL
  origem_id: "348702020e3289b2"

2026-01-20 * "Zee Now *Zee Now QUEIMADOS BR"
  Expenses:CarolCuidadosPessoais               117.97 BRL
  Liabilities:Cartao:SmilesBbPlatinum         -117.97 BRL
  origem_id: "443f26cbf9641f70"

2026-01-21 * "ANUIDADE DIFERENCIADA TIT-PARC 05/12"
  Expenses:Viagem                               48.00 BRL
  Liabilities:Cartao:SmilesBbPlatinum          -48.00 BRL
  origem_id: "cb5b478315c0d751"

2026-01-21 * "Câmbio Acera"
  Expenses:EduardoCuidadosPessoais             176.28 BRL
  Liabilities:Cartao:MastercardC6Bank         -176.28 BRL
  origem_id: "9456f950b7ea9c19"

2026-01-21 * "EBN    *TikTok Shop    Sao Paulo     BRA,Bela"
  Expenses:Presentes                            68.85 BRL
  Liabilities:Cartao:MastercardC6Bank          -68.85 BRL
  origem_id: "dcfb9c371c80329a"

2026-01-21 * "Pagto conta telefone - TIM S/A - 3357"
  Expenses:InternetTvCelulares                  99.99 BRL
  Assets:BR:BancoInter                         -99.99 BRL
  origem_id: "105a7616ec9bc0cd"

2026-01-21 * "Pix enviado: 'Cp :90400888-SHPP BRASIL INSTITUICAO DE PAG..."
  Expenses:EduardoCuidadosPessoais              81.09 BRL
  Assets:BR:BancoInter                         -81.09 BRL
  origem_id: "b32af8ee311d4d38"

2026-01-21 * "Pix enviado: 'Cp :90400888-SHPP BRASIL INSTITUICAO DE PAG..."
  Expenses:EduardoCuidadosPessoais              74.97 BRL
  Assets:BR:BancoInter                         -74.97 BRL
  origem_id: "70026175d724550a"

2026-01-22 * "DL *UberRides"
  Expenses:CarolCuidadosPessoais                10.24 BRL
  Liabilities:Cartao:CartaoDeCreditoInter      -10.24 BRL
  origem_id: "0d7c058801f2110c"

2026-01-22 * "FARMACIA CAMBOINHAS    NITEROI       BRA,"
  Expenses:Medicamentos                         37.92 BRL
  Liabilities:Cartao:MastercardC6Bank          -37.92 BRL
  origem_id: "280c1c1577407e7d"

2026-01-22 ! "MERCADOLIVRE*MERC"
  Expenses:AnaCuidadosPessoais                  47.02 BRL
  Liabilities:Cartao:SmilesBbPlatinum          -47.02 BRL
  origem_id: "cf27716b198e6197"

2026-01-22 * "MERCADOLIVRE*MERCADOL  HORTOLANDIA   BRA,"
  Expenses:EduardoCuidadosPessoais              70.90 BRL
  Liabilities:Cartao:MastercardC6Bank          -70.90 BRL
  origem_id: "0430d772dd13a1c5"

2026-01-22 * "MR TRIGO               NITEROI       BRA,"
  Expenses:Mercado                              23.89 BRL
  Liabilities:Cartao:MastercardC6Bank          -23.89 BRL
  origem_id: "088d7eaedb5fec44"

2026-01-22 * "Uber UBER * PENDING"
  Expenses:CarolCuidadosPessoais                 8.99 BRL
  Liabilities:Cartao:CartaoDeCreditoInter       -8.99 BRL
  origem_id: "fc122fcc00bbddec"

2026-01-23 ! "Amazon Kindle Unltd SAO PAULO BR"
  Expenses:Livros                               24.90 BRL
  Liabilities:Cartao:SmilesBbPlatinum          -24.90 BRL
  origem_id: "67525273b0664885"

2026-01-23 * "BAR EVENTOS"
  Expenses:CarolCuidadosPessoais                20.00 BRL
  Liabilities:Cartao:CartaoDeCreditoInter      -20.00 BRL
  origem_id: "a687d00bbd8fa108"

2026-01-23 * "Debito B3: 'IRRF' Irrf"
  Expenses:ImpostosETaxas                        0.06 BRL
  Assets:BR:BancoInter                          -0.06 BRL
  origem_id: "9d28ddb6ec0e5d03"

2026-01-23 ! "UBER * PENDING SAO PAULO"
  Expenses:EduardoCuidadosPessoais              18.94 BRL
  Liabilities:Cartao:SmilesBbPlatinum          -18.94 BRL
  origem_id: "68604f326beef911"

2026-01-24 ! "24 de jan. 2026 Uber UBER *TRIP HELP.U - R"
  Expenses:CarolCuidadosPessoais                 8.44 BRL
  Liabilities:Cartao:CartaoDeCreditoInter       -8.44 BRL
  origem_id: "6c0f2724f64d8c53"

2026-01-24 * "24 de nov. 2025 PG *MAKAI BIKINI INDUS (Parcela 01 de 03)..."
  Expenses:CarolCuidadosPessoais                73.94 BRL
  Liabilities:Cartao:CartaoDeCreditoInter      -73.94 BRL
  origem_id: "c36c27bddb1bb628"

2026-01-24 ! "Uber UBER * PENDING"
  Expenses:CarolCuidadosPessoais                 8.44 BRL
  Liabilities:Cartao:CartaoDeCreditoInter       -8.44 BRL
  origem_id: "87a511a8a791ad00"

2026-01-24 ! "Uber UBER * PENDING"
  Expenses:CarolCuidadosPessoais                21.82 BRL
  Liabilities:Cartao:CartaoDeCreditoInter      -21.82 BRL
  origem_id: "e93044e135c5a52a"

2026-01-25 ! "ASA*ACADEMIA PARC  7/12"
  Expenses:AjudaBrunaIsabela                   166.42 BRL
  Liabilities:Cartao:SmilesBbPlatinum         -166.42 BRL
  origem_id: "7f4beed6a8ccf917"

2026-01-25 * "Pix enviado: 'Cp :18236120-Bruna Carvalho Fontes' Bruna C..."
  Expenses:AjudaBrunaIsabela                   150.00 BRL
  Assets:BR:BancoInter                        -150.00 BRL
  origem_id: "3b177db8cbf032a9"

2026-01-25 ! "TICKETS FOR  TF        SAO PAULO     BRA 6/6"
  Expenses:CarolCuidadosPessoais               104.50 BRL
  Liabilities:Cartao:CartaoDeCreditoInter     -104.50 BRL
  origem_id: "e8620ef241ea97cf"

2026-01-26 * "Pix enviado: 'Cp :60701190-O M SERVICOS ADMINISTRATIVOS L..."
  Expenses:AnaCuidadosPessoais                  19.05 BRL
  Assets:BR:BancoInter                         -19.05 BRL
  origem_id: "60cb19ce30ab4ec7"

2026-01-27 * "Pix enviado: 'Cp :10573521-CENTRAL DE REGISTROS CARTORIAI..."
  Expenses:ImpostosETaxas                      349.90 BRL
  Assets:BR:BancoInter                        -349.90 BRL
  origem_id: "6678bad2f2682b2d"

2026-01-28 ! "AMAZONMKTPLC*QUEIROZSH SAO BERNARDO  BRA,"
  Expenses:EduardoCuidadosPessoais              29.80 BRL
  Liabilities:Cartao:CartaoDeCreditoInter      -29.80 BRL
  origem_id: "31d3fb0e6de035c2"

2026-01-28 ! "Netflix"
  Expenses:CinemaEAluguelDeVideosEMusica        44.90 BRL
  Liabilities:Cartao:Saraiva                   -44.90 BRL
  origem_id: "beae8fd186bfbf75"

2026-01-29 ! "Uber UBER * PENDING"
  Expenses:CarolCuidadosPessoais                 8.72 BRL
  Liabilities:Cartao:CartaoDeCreditoInter       -8.72 BRL
  origem_id: "0d3b1d18a655ed6a"

2026-01-29 ! "Uber UBER * PENDING"
  Expenses:CarolCuidadosPessoais                 8.21 BRL
  Liabilities:Cartao:CartaoDeCreditoInter       -8.21 BRL
  origem_id: "733c42afce95a83e"

2026-01-29 ! "Uber UBER * PENDING"
  Expenses:CarolCuidadosPessoais                10.41 BRL
  Liabilities:Cartao:CartaoDeCreditoInter      -10.41 BRL
  origem_id: "1b82bd02a31c99b0"

2026-01-29 ! "Óculos  9/10"
  Expenses:EduardoCuidadosPessoais             230.00 BRL
  Liabilities:Cartao:SmilesBbPlatinum         -230.00 BRL
  origem_id: "400765e24228b149"

2026-01-30 * "Salário"
  Assets:BR:BbCorrente                       17045.33 BRL
  Income:Salario                            -17045.33 BRL
  origem_id: "9e27008f4218ef28"

2026-01-31 ! "DROGARIAS PACHECO"
  Expenses:CarolCuidadosPessoais                12.99 BRL
  Liabilities:Cartao:CartaoDeCreditoInter      -12.99 BRL
  origem_id: "d41fd80f3ca24460"

2026-01-31 ! "Drogarias Pacheco S.A."
  Expenses:CarolCuidadosPessoais               173.99 BRL
  Liabilities:Cartao:CartaoDeCreditoInter     -173.99 BRL
  origem_id: "fbae429651d58cb8"

2026-01-31 ! "Uber UBER * PENDING"
  Expenses:CarolCuidadosPessoais                31.08 BRL
  Liabilities:Cartao:CartaoDeCreditoInter      -31.08 BRL
  origem_id: "5f693824bfa86249"

2026-01-31 * "acerto saldo"
  Assets:BR:BbCorrente                           0.20 BRL
  Income:OutrasReceitas                         -0.20 BRL
  origem_id: "a36619bf6161989a"

2026-02-01 ! "Gasolina mensal"
  Expenses:Gasolina                            200.00 BRL
  Liabilities:Cartao:MastercardC6Bank         -200.00 BRL
  origem_id: "342ce8573e693070"

2026-02-01 ! "Mercado mensal previsao"
  Expenses:Mercado                            1200.00 BRL
  Liabilities:Cartao:MastercardC6Bank        -1200.00 BRL
  origem_id: "72de9de26ff27200"

2026-02-02 ! "ARMAZEM CAMBOINHAS     NITEROI       BRA,"
  Expenses:Mercado                             197.13 BRL
  Liabilities:Cartao:MastercardC6Bank         -197.13 BRL
  origem_id: "f9f9435dfc1100e5"

2026-02-02 * "Ajuda mensal Nininha"
  Expenses:FamiliaDadi                         100.00 BRL
  Assets:BR:BancoInter                        -100.00 BRL
  origem_id: "6ab6a6bb6ab0764c"

2026-02-02 * "Ajuda plano saúde Luluca"
  Expenses:FamiliaDadi                         160.00 BRL
  Assets:BR:BancoInter                        -160.00 BRL
  origem_id: "e8cd92f29d4ca35b"

2026-02-02 * "Ajude custo Angélica"
  Expenses:Manutencoes                         400.00 BRL
  Assets:BR:BancoInter                        -400.00 BRL
  origem_id: "d8d789fd9b985756"

2026-02-02 * "Baba empréstimo 17/36"
  Assets:BR:BbCorrente                         484.00 BRL
  Income:Emprestimos                          -484.00 BRL
  origem_id: "4604a57717223856"

2026-02-02 ! "Bares mensal previsão"
  Expenses:BaresERestaurantes                   60.00 BRL
  Liabilities:Cartao:MastercardC6Bank          -60.00 BRL
  origem_id: "d5eb10df28830cf0"

2026-02-02 * "Cesta básica Cristiane do jacaré"
  Expenses:Ofertas                             100.00 BRL
  Assets:BR:BancoInter                        -100.00 BRL
  origem_id: "d32c14d5fdff56dc"

2026-02-02 * "Cobrança de I.O.F. - IOF Saldo Devedor Conta"
  Expenses:ImpostosETaxas                        0.29 BRL
  Assets:BR:BbCorrente                          -0.29 BRL
  origem_id: "39f7b881079957ac"

2026-02-02 ! "DL*TikTok Shop L       Sao Paulo     BRA,"
  Expenses:CarolCuidadosPessoais                40.12 BRL
  Liabilities:Cartao:CartaoDeCreditoInter      -40.12 BRL
  origem_id: "7e9d39a37a46718d"

2026-02-02 ! "DM      HELPHBOMAXCOM  New York      BRA"
  Expenses:CinemaEAluguelDeVideosEMusica        22.45 BRL
  Liabilities:Cartao:MastercardC6Bank          -22.45 BRL
  origem_id: "f7ab2177813b134b"

2026-02-02 * "Encargos"
  Expenses:ImpostosETaxas                        1.50 BRL
  Assets:BR:BbCorrente                          -1.50 BRL
  origem_id: "0b441351beb9aef4"

2026-02-02 ! "IFD*SEM MYSERRE GASTRO NITEROI       BRA,"
  Expenses:BaresERestaurantes                  169.79 BRL
  Liabilities:Cartao:MastercardC6Bank         -169.79 BRL
  origem_id: "3dd660778eccabbd"

2026-02-02 * "Leste Telecom"
  Expenses:InternetTvCelulares                  75.00 BRL
  Assets:BR:BancoInter                         -75.00 BRL
  origem_id: "522ceb1f1217d923"

2026-02-02 ! "MERCADOLIVRE*MERCADOL  Franca        BRA,"
  Expenses:Mobilia                             259.00 BRL
  Liabilities:Cartao:MastercardC6Bank         -259.00 BRL
  origem_id: "d110d6d1304d2a8b"

2026-02-02 * "Mesada Carol"
  Expenses:CarolCuidadosPessoais               100.00 BRL
  Assets:BR:BancoInter                        -100.00 BRL
  origem_id: "1a170b2f7d9b290c"

2026-02-02 * "Mesada Isabela"
  Expenses:AjudaBrunaIsabela                   150.00 BRL
  Assets:BR:BancoInter                        -150.00 BRL
  origem_id: "f676a4e6042998be"

2026-02-02 ! "POPULAR ITAIPU"
  Expenses:Medicamentos                        222.28 BRL
  Liabilities:Cartao:MastercardC6Bank         -222.28 BRL
  origem_id: "60883ee437a14163"

2026-02-02 ! "Poltrona papai 9/10"
  Expenses:FamiliaDadi                         129.98 BRL
  Liabilities:Cartao:SmilesBbPlatinum         -129.98 BRL
  origem_id: "d0a2abed18e3dc9e"

2026-02-02 ! "SUPERMERCADO REAL NITE NITEROI       BRA,"
  Expenses:Mercado                             605.93 BRL
  Liabilities:Cartao:MastercardC6Bank         -605.93 BRL
  origem_id: "3fd03e37d7f15545"

2026-02-02 * "Sandro - jardim"
  Expenses:Manutencoes                         200.00 BRL
  Assets:BR:BancoInter                        -200.00 BRL
  origem_id: "4be528f3b2a77467"

2026-02-02 * "Seguro carro 2/10"
  Expenses:Seguro                              108.61 BRL
  Assets:BR:BbCorrente                        -108.61 BRL
  origem_id: "89e65fdcdadb9729"

2026-02-02 * "Terapia Carol"
  Expenses:ProfissionaisSaude                  700.00 BRL
  Assets:BR:BancoInter                        -700.00 BRL
  origem_id: "61a0b8083cb66e92"

2026-02-02 ! "Uber UBER * PENDING"
  Expenses:CarolCuidadosPessoais                21.41 BRL
  Liabilities:Cartao:CartaoDeCreditoInter      -21.41 BRL
  origem_id: "7a534082ef060e53"

2026-02-02 * "Unimed Isabela"
  Expenses:AjudaBrunaIsabela                   250.00 BRL
  Assets:BR:BancoInter                        -250.00 BRL
  origem_id: "ca06d5b4dec20579"

2026-02-02 ! "Wellhub Gympass BR GympSao Paulo"
  Expenses:AnaCuidadosPessoais                  59.90 BRL
  Liabilities:Cartao:MastercardC6Bank          -59.90 BRL
  origem_id: "495261098c7ab7c7"

2026-02-03 * "IOF cheque especial"
  Expenses:ImpostosETaxas                       40.52 BRL
  Assets:BR:C6Bank                             -40.52 BRL
  origem_id: "41109eaf3c024a68"

2026-02-03 ! "LATAM AIR              SAO PAULO     BRA, 3/4"
  Expenses:Portugal202606                     3222.48 BRL
  Liabilities:Cartao:MastercardC6Bank        -3222.48 BRL
  origem_id: "b8cd7d3d80f2d193"

2026-02-03 * "Luz"
  Expenses:Luz                                 876.90 BRL
  Assets:BR:BbCorrente                        -876.90 BRL
  origem_id: "aff3dd5169cffb83"

2026-02-03 ! "MERCADOLIVRE*TUDODEFE  ITU           BRA,"
  Expenses:Mobilia                              31.00 BRL
  Liabilities:Cartao:MastercardC6Bank          -31.00 BRL
  origem_id: "b1c96f8538cb17e2"

2026-02-03 * "Pix enviado: 'Cp :14796606-RD SAUDE' Rd Saude"
  Expenses:Medicamentos                         51.47 BRL
  Assets:BR:BancoInter                         -51.47 BRL
  origem_id: "ccb6f24e7047271d"

2026-02-03 * "Pix recebido: '00019 73908622 CAROLINA CARVALHO' Carolina..."
  Assets:BR:BancoInter                          16.00 BRL
  Income:OutrasReceitas                        -16.00 BRL
  origem_id: "d524a40425b2a363"

2026-02-03 * "Pix recebido: '00019 73908622 CAROLINA CARVALHO' Carolina..."
  Assets:BR:BancoInter                           8.00 BRL
  Income:OutrasReceitas                         -8.00 BRL
  origem_id: "9d62e82d23b347af"

2026-02-03 ! "SUPERMERCADO PADRAO D  NITEROI       BRA,"
  Expenses:Mercado                             241.81 BRL
  Liabilities:Cartao:MastercardC6Bank         -241.81 BRL
  origem_id: "558acd922bf03b0e"

2026-02-03 ! "Smartwatche 5/12"
  Expenses:EduardoCuidadosPessoais              60.75 BRL
  Liabilities:Cartao:MastercardC6Bank          -60.75 BRL
  origem_id: "98b56c9dd38ce4b2"

2026-02-03 ! "Uber UBER * PENDING"
  Expenses:Manutencoes                          32.29 BRL
  Liabilities:Cartao:CartaoDeCreditoInter      -32.29 BRL
  origem_id: "1512814f9d6d25c5"

2026-02-03 ! "Uber UBER * PENDING"
  Expenses:Diversos                              8.78 BRL
  Liabilities:Cartao:CartaoDeCreditoInter       -8.78 BRL
  origem_id: "d23ace486f1f3ae3"

2026-02-03 ! "Uber UBER * PENDING"
  Expenses:CarolCuidadosPessoais                24.40 BRL
  Liabilities:Cartao:CartaoDeCreditoInter      -24.40 BRL
  origem_id: "fa9093a846711b2b"

2026-02-04 ! "Café descafeinado"
  Expenses:Mercado                              56.69 BRL
  Liabilities:Cartao:MastercardC6Bank          -56.69 BRL
  origem_id: "52d00c77b05e3ce9"

2026-02-04 ! "FARMACIA CAMBOINHAS    NITEROI       BRA,"
  Expenses:Medicamentos                        112.95 BRL
  Liabilities:Cartao:MastercardC6Bank         -112.95 BRL
  origem_id: "9a08fd397953620d"

2026-02-04 ! "MERCADOLIVRE*3PRODUTOS GUARULHOS     BRA, 1/4"
  Expenses:FamiliaDadi                          31.70 BRL
  Liabilities:Cartao:MastercardC6Bank          -31.70 BRL
  origem_id: "2e51377e05575c7a"

2026-02-04 ! "MERCADOLIVRE*8PRODUTO  Osasco        BRA,"
  Expenses:Mercado                             315.90 BRL
  Liabilities:Cartao:MastercardC6Bank         -315.90 BRL
  origem_id: "ccca044da41ebbee"

2026-02-04 ! "MR TRIGO               NITEROI       BRA,"
  Expenses:Mercado                              13.99 BRL
  Liabilities:Cartao:MastercardC6Bank          -13.99 BRL
  origem_id: "690a80b87f8886f3"

2026-02-04 ! "SUPERMERCADO REAL NITE NITEROI       BRA,"
  Expenses:Mercado                             719.20 BRL
  Liabilities:Cartao:MastercardC6Bank         -719.20 BRL
  origem_id: "5d54372e3b0a04e8"

2026-02-05 ! "POSTO TREVO DE PIRATI  NITEROI       BRA,"
  Expenses:Gasolina                            100.00 BRL
  Liabilities:Cartao:MastercardC6Bank         -100.00 BRL
  origem_id: "0258fabc474858f3"

2026-02-06 ! "DL *UberRides"
  Expenses:CarolCuidadosPessoais                14.96 BRL
  Liabilities:Cartao:CartaoDeCreditoInter      -14.96 BRL
  origem_id: "781487cec6e8fe24"

2026-02-06 ! "MONARCA BURGERS - PIRA NITEROI       BRA,"
  Expenses:BaresERestaurantes                   85.71 BRL
  Liabilities:Cartao:MastercardC6Bank          -85.71 BRL
  origem_id: "32f549db8b682f66"

2026-02-06 ! "TUTTI AMICI"
  Expenses:CarolCuidadosPessoais                69.63 BRL
  Liabilities:Cartao:CartaoDeCreditoInter      -69.63 BRL
  origem_id: "c00a1931b263ba9f"

2026-02-06 ! "Uber UBER * PENDING"
  Expenses:CarolCuidadosPessoais                13.23 BRL
  Liabilities:Cartao:CartaoDeCreditoInter      -13.23 BRL
  origem_id: "063441fe5d9c7029"

2026-02-07 ! "FALHEIROS PIZZA"
  Expenses:BaresERestaurantes                   87.40 BRL
  Liabilities:Cartao:MastercardC6Bank          -87.40 BRL
  origem_id: "8782748b8fa6e88c"

2026-02-08 ! "LIVELO                 SANTANA DE PA BRA, 2/10"
  Expenses:CarolCuidadosPessoais               400.89 BRL
  Liabilities:Cartao:MastercardC6Bank         -400.89 BRL
  origem_id: "ec7f1e4684a71cb7"

2026-02-09 ! "09 de nov. 2025 MP *MELIMAIS - R"
  Expenses:CinemaEAluguelDeVideosEMusica        24.90 BRL
  Liabilities:Cartao:CartaoDeCreditoInter      -24.90 BRL
  origem_id: "d06e9a12ac460fb3"

2026-02-09 ! "FORTEL                 NITEROI       BRA,"
  Expenses:Manutencoes                         873.00 BRL
  Liabilities:Cartao:MastercardC6Bank         -873.00 BRL
  origem_id: "26290507d8aa97a9"

2026-02-09 * "Pix enviado: 'Cp :18236120-Andre Luiz da Silva Mesquita 0..."
  Expenses:EduardoCuidadosPessoais              70.00 BRL
  Assets:BR:BancoInter                         -70.00 BRL
  origem_id: "bb010ff9d781b9fe"

2026-02-09 ! "Uber UBER * PENDING"
  Expenses:CarolCuidadosPessoais                18.78 BRL
  Liabilities:Cartao:CartaoDeCreditoInter      -18.78 BRL
  origem_id: "07abb89cf14afbf3"

2026-02-10 ! "ANTHROPIC              SAN FRANCISCO USA,"
  Expenses:EduardoCuidadosPessoais              27.54 BRL
  Liabilities:Cartao:MastercardC6Bank          -27.54 BRL
  origem_id: "12ab91b09410def9"

2026-02-10 ! "ARMAZEM CAMBOINHAS     NITEROI       BRA,"
  Expenses:Mercado                             102.80 BRL
  Liabilities:Cartao:MastercardC6Bank         -102.80 BRL
  origem_id: "d59861432339f36e"

2026-02-10 ! "Ar condicionado escritorio 6/12"
  Expenses:Mobilia                             156.57 BRL
  Liabilities:Cartao:CartaoDeCreditoInter     -156.57 BRL
  origem_id: "ee5ef615d79431d1"

2026-02-10 ! "DL*GOOGLE Apple SAO PAULO (Apple tv"
  Expenses:CinemaEAluguelDeVideosEMusica        21.90 BRL
  Liabilities:Cartao:SmilesBbPlatinum          -21.90 BRL
  origem_id: "c79a6cc18c679643"

2026-02-10 ! "FARMACIA APOLO         NITEROI       BRA,"
  Expenses:Medicamentos                        118.30 BRL
  Liabilities:Cartao:MastercardC6Bank         -118.30 BRL
  origem_id: "4d14ae5545a702d8"

2026-02-10 * "Sem parar"
  Expenses:Semparar                             74.22 BRL
  Assets:BR:BbCorrente                         -74.22 BRL
  origem_id: "ca679cbe506986b3"

2026-02-11 ! "Google armazenamento e gemini"
  Expenses:CasaCuidadosPessoais                 96.99 BRL
  Liabilities:Cartao:SmilesBbPlatinum          -96.99 BRL
  origem_id: "fb2a1c0038d14851"

2026-02-11 * "IPTU 2026"
  Expenses:Iptu                                494.48 BRL
  Assets:BR:BancoInter                        -494.48 BRL
  origem_id: "a4d28b3dcc45026f"

2026-02-11 ! "REAL DE NITEROI        NITEROI       BRA,"
  Expenses:Mercado                             104.37 BRL
  Liabilities:Cartao:MastercardC6Bank         -104.37 BRL
  origem_id: "81a1b48904fcd51b"

2026-02-11 ! "SUPERMERCADO REAL NITE NITEROI       BRA,"
  Expenses:Mercado                             803.63 BRL
  Liabilities:Cartao:MastercardC6Bank         -803.63 BRL
  origem_id: "2865e9501d70d7e4"

2026-02-11 ! "Uber UBER * PENDING"
  Expenses:CarolCuidadosPessoais                11.94 BRL
  Liabilities:Cartao:CartaoDeCreditoInter      -11.94 BRL
  origem_id: "ed93f0dc5923a41b"

2026-02-12 ! "MERCADO*15PRODUTOS     OSASCO        BRA,"
  Expenses:Mercado                             311.56 BRL
  Liabilities:Cartao:MastercardC6Bank         -311.56 BRL
  origem_id: "fd8354383615a577"

2026-02-12 ! "POPULAR ITAIPU         NITEROI       BRA,"
  Expenses:Medicamentos                         34.56 BRL
  Liabilities:Cartao:MastercardC6Bank          -34.56 BRL
  origem_id: "1919f44c5a330d5a"

2026-02-12 * "Pix enviado: '00019 73908622 CAROLINA CARVALHO' Carolina ..."
  Expenses:CarolCuidadosPessoais               150.00 BRL
  Assets:BR:BancoInter                        -150.00 BRL
  origem_id: "432fe97b37170df3"

2026-02-12 ! "Uber UBER * PENDING"
  Expenses:CarolCuidadosPessoais                10.96 BRL
  Liabilities:Cartao:CartaoDeCreditoInter      -10.96 BRL
  origem_id: "afc5cf9f8b2cfbcd"

2026-02-13 * "Conta de água"
  Expenses:Agua                                340.80 BRL
  Assets:BR:BbCorrente                        -340.80 BRL
  origem_id: "92185a4d7809dd50"

2026-02-13 * "Diego empreiteiro"
  Expenses:Manutencoes                        4000.00 BRL
  Assets:BR:C6Bank                           -4000.00 BRL
  origem_id: "4995feb898bc76b8"

2026-02-13 * "Escola Bela parte"
  Expenses:AjudaBrunaIsabela                   834.00 BRL
  Assets:BR:BancoInter                        -834.00 BRL
  origem_id: "a685cdbbb12efd05"

2026-02-13 ! "LAGOA II MATERIAL DE C NITEROI       BRA, cadeado"
  Expenses:Manutencoes                          28.00 BRL
  Liabilities:Cartao:MastercardC6Bank          -28.00 BRL
  origem_id: "996878ab3e58f2a6"

2026-02-13 * "Pix enviado: 'Cp :60746948-MAISMOBI' Maismobi"
  Expenses:CarolCuidadosPessoais                30.00 BRL
  Assets:BR:BancoInter                         -30.00 BRL
  origem_id: "63525ec673a94382"

2026-02-13 * "Pix enviado: 'Cp :90400888-Diego Costa Rodrigues' Diego C..."
  Expenses:Manutencoes                         143.00 BRL
  Assets:BR:BancoInter                        -143.00 BRL
  origem_id: "a218890470829e03"

2026-02-13 ! "Q. CHOPP BRAHMA 2      NITEROI       BRA,"
  Expenses:BaresERestaurantes                  106.15 BRL
  Liabilities:Cartao:MastercardC6Bank         -106.15 BRL
  origem_id: "eeabdd190bcc1042"

2026-02-13 ! "Uber UBER * PENDING"
  Expenses:FamiliaDadi                          23.69 BRL
  Liabilities:Cartao:CartaoDeCreditoInter      -23.69 BRL
  origem_id: "0b0fa870453ce6b3"

2026-02-14 ! "MP *GROWTHSUPPLEMENTS  TIJUCAS       BRA,"
  Expenses:Suplementos                         337.42 BRL
  Liabilities:Cartao:MastercardC6Bank         -337.42 BRL
  origem_id: "6cb38debb6d6355e"

2026-02-14 ! "OPENAI *CHATGPT SUBSCR SAN FRANCISCO USA,"
  Expenses:EduardoCuidadosPessoais              41.66 BRL
  Liabilities:Cartao:MastercardC6Bank          -41.66 BRL
  origem_id: "04d36c020ffd4a2e"

2026-02-15 ! "15/03 Wellhub Gympass BR GympSao Paulo BR R (bubu)"
  Expenses:AjudaBrunaIsabela                    59.90 BRL
  Liabilities:Cartao:SmilesBbPlatinum          -59.90 BRL
  origem_id: "d099f7410e022077"

2026-02-15 ! "ARMAZEM CAMBOINHAS     NITEROI       BRA,"
  Expenses:Mercado                              11.99 BRL
  Liabilities:Cartao:MastercardC6Bank          -11.99 BRL
  origem_id: "6e7694f53e5c6d85"

2026-02-15 ! "ARMAZEM CAMBOINHAS     NITEROI       BRA,"
  Expenses:Mercado                             132.44 BRL
  Liabilities:Cartao:MastercardC6Bank         -132.44 BRL
  origem_id: "1221be36a26dae98"

2026-02-15 ! "MESTRE DO SUCO         NITEROI       BRA,"
  Expenses:BaresERestaurantes                   41.99 BRL
  Liabilities:Cartao:MastercardC6Bank          -41.99 BRL
  origem_id: "ae53fb2398a28f9c"

2026-02-16 ! "MEGA LIMITED           SALAMANCA     ESP,"
  Expenses:CasaCuidadosPessoais                 32.47 BRL
  Liabilities:Cartao:MastercardC6Bank          -32.47 BRL
  origem_id: "00134ba66bb6ad65"

2026-02-16 ! "Uber UBER * PENDING"
  Expenses:CarolCuidadosPessoais                14.12 BRL
  Liabilities:Cartao:CartaoDeCreditoInter      -14.12 BRL
  origem_id: "ac0f47482df900fb"

2026-02-17 ! "Uber UBER * PENDING"
  Expenses:CarolCuidadosPessoais                17.10 BRL
  Liabilities:Cartao:CartaoDeCreditoInter      -17.10 BRL
  origem_id: "2eee2409fa2f6492"

2026-02-17 ! "Uber UBER * PENDING"
  Expenses:CarolCuidadosPessoais                52.22 BRL
  Liabilities:Cartao:CartaoDeCreditoInter      -52.22 BRL
  origem_id: "00534414430120cc"

2026-02-17 ! "Uber UBER * PENDING"
  Expenses:CarolCuidadosPessoais                12.60 BRL
  Liabilities:Cartao:CartaoDeCreditoInter      -12.60 BRL
  origem_id: "2be8531cf091fda7"

2026-02-18 ! "EBN SPOTIFY            CURITIBA      BRA"
  Expenses:CinemaEAluguelDeVideosEMusica        40.90 BRL
  Liabilities:Cartao:CartaoDeCreditoInter      -40.90 BRL
  origem_id: "f23775d9b7b65670"

2026-02-18 ! "SUPERMERCADO REAL NITE NITEROI       BRA,"
  Expenses:Mercado                             651.93 BRL
  Liabilities:Cartao:MastercardC6Bank         -651.93 BRL
  origem_id: "6eac875da4490e04"

2026-02-18 ! "Uber UBER * PENDING"
  Expenses:CarolCuidadosPessoais               129.17 BRL
  Liabilities:Cartao:CartaoDeCreditoInter     -129.17 BRL
  origem_id: "68624019fed183fa"

2026-02-18 ! "Uber UBER * PENDING"
  Expenses:CarolCuidadosPessoais               121.58 BRL
  Liabilities:Cartao:CartaoDeCreditoInter     -121.58 BRL
  origem_id: "e2157770b2c247d4"

2026-02-19 ! "ANUIDADE DIFERENCIADA TIT-PARC 05/12"
  Expenses:Viagem                               48.00 BRL
  Liabilities:Cartao:SmilesBbPlatinum          -48.00 BRL
  origem_id: "641d5e10cf4eda5c"

2026-02-19 ! "POPULAR ITAIPU         NITEROI       BRA,"
  Expenses:Medicamentos                         50.65 BRL
  Liabilities:Cartao:MastercardC6Bank          -50.65 BRL
  origem_id: "101131160d1e5c62"

2026-02-19 ! "Pagto conta telefone - TIM S/A - 3357"
  Expenses:InternetTvCelulares                  99.99 BRL
  Assets:BR:BancoInter                         -99.99 BRL
  origem_id: "7351a82387586fac"

2026-02-20 ! "TIM*maisbbb248m RIO DE JANEIR BR"
  Expenses:InternetTvCelulares                  47.75 BRL
  Liabilities:Cartao:Saraiva                   -47.75 BRL
  origem_id: "a12108bcdfea2d1b"

2026-02-20 ! "Tablet 6/10"
  Expenses:EduardoCuidadosPessoais              94.90 BRL
  Liabilities:Cartao:SmilesBbPlatinum          -94.90 BRL
  origem_id: "04d1732b4d6dee87"

2026-02-23 ! "Amazon Kindle Unltd SAO PAULO BR"
  Expenses:Livros                               24.90 BRL
  Liabilities:Cartao:SmilesBbPlatinum          -24.90 BRL
  origem_id: "03f69d44c3bc3e91"

2026-02-25 ! "ASA*ACADEMIA PARC  8/12"
  Expenses:AjudaBrunaIsabela                   166.42 BRL
  Liabilities:Cartao:SmilesBbPlatinum         -166.42 BRL
  origem_id: "06ad6015fd286046"

2026-02-28 ! "Netflix"
  Expenses:CinemaEAluguelDeVideosEMusica        44.90 BRL
  Liabilities:Cartao:Saraiva                   -44.90 BRL
  origem_id: "02d9d03c8dad0e21"

2026-02-28 ! "Salário"
  Assets:BR:BbCorrente                       20487.14 BRL
  Income:Salario                            -20487.14 BRL
  origem_id: "61b8446040ef62e6"

2026-02-28 ! "Óculos  10/10"
  Expenses:EduardoCuidadosPessoais             230.00 BRL
  Liabilities:Cartao:SmilesBbPlatinum         -230.00 BRL
  origem_id: "fefad76e2b3a14e6"
